
@article{libertus2015developmental,
  title={A Developmental Vocabulary Assessment for Parents (DVAP): Validating parental report of vocabulary size in 2-to 7-year-old children},
  author={Libertus, Melissa E and Odic, Darko and Feigenson, Lisa and Halberda, Justin},
  journal={Journal of Cognition and Development},
  volume={16},
  number={3},
  pages={442--454},
  year={2015},
  publisher={Taylor \& Francis}
}

@manual{kiese2005awst,
  author       = {Kiese-Himmel, Christiane},
  title        = {{AWST-R. Aktiver Wortschatztest für 3- bis 5-jährige Kinder – Revision}},
  year         = {2005},
  note         = {Manual},
  address      = {Göttingen},
  publisher    = {Beltz}
}

@book{eid2014testtheorie,
  title={Testtheorie und Testkonstruktion},
  author={Eid, Michael and Schmidt, Katharina},
  year={2014},
  publisher={Hogrefe Verlag GmbH \& Company KG}
}

@article{magis2012,
	title = {Random Generation of Response Patterns under Computerized Adaptive Testing with the R Package catR},
	author = {Magis, David and {Raîche}, Gilles},
	year = {2012},
	date = {2012},
	journal = {Journal of Statistical Software},
	volume = {48},
	number = {8},
	doi = {10.18637/jss.v048.i08},
	url = {http://www.jstatsoft.org/v48/i08/},
	langid = {en}
}

@book{jestjs/j2023,
	title = {jestjs/jest},
	year = {2023},
	month = {09},
	date = {2023-09-26},
	publisher = {Jest},
	url = {https://github.com/jestjs/jest},
	note = {original-date: 2013-12-10T00:18:04Z}
}

@phdthesis{urry,
	title = {A Monte Carlo Investigation of Logistic Mental Test Models},
	author = {Urry, Vern William},
	url = {https://www.proquest.com/docview/302519686/citation/F24B5FB611144881PQ/1},
	note = {ISBN: 9781085418836},
	address = {United States -- Indiana},
	langid = {English},
	date = {1970}
}



@article{catR,
    title = {Computerized Adaptive Testing with {R}: Recent Updates of the Package {catR}},
    author = {David Magis and Juan Ramon Barrada},
    journal = {Journal of Statistical Software, Code Snippets},
    year = {2017},
    volume = {76},
    number = {1},
    pages = {1--19},
    doi = {10.18637/jss.v076.c01},
}


@article{bohn2021young,
  title={How young children integrate information sources to infer the meaning of words},
  author={Bohn, Manuel and Tessler, Michael Henry and Merrick, Megan and Frank, Michael C},
  journal={Nature human behaviour},
  volume={5},
  number={8},
  pages={1046--1054},
  year={2021},
  publisher={Nature Publishing Group UK London}
}

@book{debelak2022introduction,
  title={An introduction to the rasch model with examples in r},
  author={Debelak, Rudolf and Strobl, Carolin and Zeigenfuse, Matthew D},
  year={2022},
  publisher={Crc Press}
}

@book{bond2013applying,
  title={Applying the Rasch model: Fundamental measurement in the human sciences},
  author={Bond, Trevor G and Fox, Christine M},
  year={2013},
  publisher={Psychology Press}
}

@article{rosseel2012lavaan,
  title={lavaan: An R package for structural equation modeling},
  author={Rosseel, Yves},
  journal={Journal of Statistical Software},
  volume={48},
  pages={1--36},
  year={2012}
}

@article{bohn2023orev,
  title={oREV: An item response theory-based open receptive vocabulary task for 3-to 8-year-old children},
  author={Bohn, Manuel and Prein, Julia and Koch, Tobias and Bee, R Maximilian and Delikaya, B{\"u}sra and Haun, Daniel and Gagarina, Natalia},
  journal={Behavior Research Methods},
  pages={1--11},
  year={2023},
  publisher={Springer}
}

@book{szagun2009fragebogen,
  title={Fragebogen zur fr{\"u}hkindlichen Sprachentwicklung (FRAKIS) und FRAKIS-K (Kurzform)},
  author={Szagun, Gisela and Stumper, Barbara and Schramm, Satyam Antonio},
  publisher={Universitätsverlag Potsdam},
  year={2009}
}

@article{bornstein1998vocabulary,
  title={Vocabulary competence in early childhood: Measurement, latent construct, and predictive validity},
  author={Bornstein, Marc H and Haynes, O Maurice},
  journal={Child development},
  volume={69},
  number={3},
  pages={654--671},
  year={1998},
  publisher={Wiley Online Library}
}

@article{merkle2018blavaan,
  title={blavaan: Bayesian Structural Equation Models via Parameter Expansion},
  author={Merkle, Edgar C and Rosseel, Yves},
  journal={Journal of Statistical Software},
  volume={85},
  pages={1--30},
  year={2018}
}

@article{schroeder2015childlex,
  title={childLex: A lexical database of German read by children},
  author={Schroeder, Sascha and W{\"u}rzner, Kay-Michael and Heister, Julian and Geyken, Alexander and Kliegl, Reinhold},
  journal={Behavior Research Methods},
  volume={47},
  number={4},
  pages={1085--1094},
  year={2015},
  publisher={Springer}
}

@article{jiao2022comparison,
title={Comparison of Different Approaches to Dealing with Guessing in Rasch Modeling},
author={Jiao, Hong},
journal={Psychological Test and Assessment Modeling},
volume={64},
number={1},
pages={65--86},
year={2022},
publisher={PABST Science Publishers}
}


@book{gluck2011wortschatz,
  title={Wortschatz-und Wortfindungstest f{\"u}r 6-bis 10-J{\"a}hrige (WWT 6-10)},
  author={Gl{\"u}ck, Christian Wolfgang and Gl{\"u}ck, Christian Wolfgang},
  year={2011},
  publisher={Urban \& Fischer}
}

@misc{lenhard2015peabody,
  title={Peabody Picture Vocabulary Test-4. Ausgabe: Deutsche Fassung},
  author={Lenhard, A and Lenhard, W and Segerer, R and Suggate, S},
  year={2015},
  publisher={Frankfurt am Main: Pearson Assessment}
}

@article{golinkoff2019language,
  title={Language matters: Denying the existence of the 30-million-word gap has serious consequences},
  author={Golinkoff, Roberta Michnick and Hoff, Erika and Rowe, Meredith L and Tamis-LeMonda, Catherine S and Hirsh-Pasek, Kathy},
  journal={Child Development},
  volume={90},
  number={3},
  pages={985--992},
  year={2019},
  publisher={Wiley Online Library}
}

@book{kauschke2002patholinguistische,
  title={Patholinguistische Diagnostik bei Sprachentwicklungsst{\"o}rungen: Diagnostikband Phonologie},
  author={Kauschke, Christina and Siegm{\"u}ller, Julia},
  year={2002},
  publisher={Urban \& Fischer}
}

@article{kiese2005awst,
  title={AWST-R-Aktiver Wortschatztest f{\"u}r 3-bis 5-J{\"a}hrige Kinder (AWST-R--Active Vocabulary Test for 3-to 5-Year-Old Children)},
  author={Kiese-Himmel, C},
  journal={G{\"o}ttingen: Hogrefe},
  year={2005}
}

@article{pace2019measuring,
  title={Measuring success: Within and cross-domain predictors of academic and social trajectories in elementary school},
  author={Pace, Amy and Alper, Rebecca and Burchinal, Margaret R and Golinkoff, Roberta Michnick and Hirsh-Pasek, Kathy},
  journal={Early Childhood Research Quarterly},
  volume={46},
  pages={112--125},
  year={2019},
  publisher={Elsevier}
}

@article{pace2017identifying,
  title={Identifying pathways between socioeconomic status and language development},
  author={Pace, Amy and Luo, Rufan and Hirsh-Pasek, Kathy and Golinkoff, Roberta Michnick},
  journal={Annual Review of Linguistics},
  volume={3},
  pages={285--308},
  year={2017},
  publisher={Annual Reviews}
}

@article{bleses2016early,
  title={Early productive vocabulary predicts academic achievement 10 years later},
  author={Bleses, Dorthe and Makransky, Guido and Dale, Philip S and H{\o}jen, Anders and Ari, Burcak Akt{\"u}rk},
  journal={Applied Psycholinguistics},
  volume={37},
  number={6},
  pages={1461--1476},
  year={2016},
  publisher={Cambridge University Press}
}

@article{spaulding2013investigating,
  title={Investigating the interchangeability and diagnostic utility of the PPVT-III and PPVT-IV for children with and without SLI},
  author={Spaulding, Tammie J and Hosmer, Sabrina and Schechtman, Calli},
  journal={International Journal of Speech-Language Pathology},
  volume={15},
  number={5},
  pages={453--462},
  year={2013},
  publisher={Taylor \& Francis}
}

@article{tsimpli2016narrative,
  title={Narrative production in monolingual and bilingual children with specific language impairment},
  author={Tsimpli, Ianthi Maria and Peristeri, Eleni and Andreou, Maria},
  journal={Applied Psycholinguistics},
  volume={37},
  number={1},
  pages={195--216},
  year={2016},
  publisher={Cambridge University Press}
}

@article{lindgren2022age,
  title={How do age, language, narrative task, language proficiency and exposure affect narrative macrostructure in German-Swedish bilingual children aged 4 to 6?},
  author={Lindgren, Josefin and Bohnacker, Ute},
  journal={Linguistic Approaches to Bilingualism},
  volume={12},
  number={4},
  pages={479--508},
  year={2022},
  publisher={John Benjamins Publishing Company Amsterdam/Philadelphia}
}

@article{fiani2021macrostructure,
  title={Macrostructure in narratives produced by Lebanese Arabic-French bilingual children: Developmental trends and links with language dominance, exposure to narratives and lexical skills},
  author={Fiani, Rachel and Henry, Guillemette and Pr{\'e}vost, Philippe},
  journal={Linguistic Approaches to Bilingualism},
  year={2021},
  publisher={John Benjamins Publishing Company Amsterdam/Philadelphia}
}

@article{bohnacker2021storytelling,
  title={Storytelling in bilingual Turkish-Swedish children: Effects of language, age and exposure on narrative macrostructure},
  author={Bohnacker, Ute and Lindgren, Josefin and {\"O}ztekin, Buket},
  journal={Linguistic Approaches to Bilingualism},
  year={2021},
  publisher={John Benjamins Publishing Company Amsterdam/Philadelphia}
}

@article{tardif1997caregiver,
  title={Caregiver speech and children's use of nouns versus verbs: A comparison of English, Italian, and Mandarin},
  author={Tardif, Twila and Shatz, Marilyn and Naigles, Letitia},
  journal={Journal of Child Language},
  volume={24},
  number={3},
  pages={535--565},
  year={1997},
  publisher={Cambridge University Press}
}

@article{choi2000caregiver,
  title={Caregiver input in English and Korean: Use of nouns and verbs in book-reading and toy-play contexts},
  author={Choi, Soonja},
  journal={Journal of Child Language},
  volume={27},
  number={1},
  pages={69--96},
  year={2000},
  publisher={Cambridge University Press}
}

@article{altinkamics2014context,
  title={When context matters more than language: Verb or noun in French and Turkish caregiver speech},
  author={Alt{\i}nkam{\i}{\c{s}}, N Feyza and Kern, Sophie and Sofu, Hatice},
  journal={First language},
  volume={34},
  number={6},
  pages={537--550},
  year={2014},
  publisher={SAGE Publications Sage UK: London, England}
}

@article{schroder2012german,
  title={German norms for semantic typicality, age of acquisition, and concept familiarity},
  author={Schr{\"o}der, Astrid and Gemballa, Teresa and Ruppin, Steffie and Wartenburger, Isabell},
  journal={Behavior research methods},
  volume={44},
  number={2},
  pages={380--394},
  year={2012},
  publisher={Springer}
}




@article{griffiths2011predicting,
  title={Predicting the future as Bayesian inference: People combine prior knowledge with observations when estimating duration and extent.},
  author={Griffiths, Thomas L and Tenenbaum, Joshua B},
  journal={Journal of Experimental Psychology: General},
  volume={140},
  number={4},
  pages={725},
  year={2011},
  publisher={American Psychological Association}
}

@book{fenson2007macarthur,
  title={MacArthur-Bates communicative development inventories},
  author={Fenson, Larry and others},
  year={2007},
  publisher={Paul H. Brookes Publishing Company Baltimore, MD}
}

@article{bornstein2018stability,
  title={Stability of core language skill from infancy to adolescence in typical and atypical development},
  author={Bornstein, Marc H and Hahn, Chun-Shin and Putnick, Diane L and Pearson, Rebecca M},
  journal={Science Advances},
  volume={4},
  number={11},
  pages={eaat7422},
  year={2018},
  publisher={American Association for the Advancement of Science}
}

@article{schoon2010children,
  title={Children's language ability and psychosocial development: A 29-year follow-up study},
  author={Schoon, Ingrid and Parsons, Samantha and Rush, Robert and Law, James},
  journal={Pediatrics},
  volume={126},
  number={1},
  pages={e73--e80},
  year={2010},
  publisher={American Academy of Pediatrics}
}

@article{morgan201524,
  title={24-month-old children with larger oral vocabularies display greater academic and behavioral functioning at kindergarten entry},
  author={Morgan, Paul L and Farkas, George and Hillemeier, Marianne M and Hammer, Carol Scheffner and Maczuga, Steve},
  journal={Child development},
  volume={86},
  number={5},
  pages={1351--1370},
  year={2015},
  publisher={Wiley Online Library}
}

@article{marchman2008speed,
  title={Speed of word recognition and vocabulary knowledge in infancy predict cognitive and language outcomes in later childhood},
  author={Marchman, Virginia A and Fernald, Anne},
  journal={Developmental science},
  volume={11},
  number={3},
  pages={F9--F16},
  year={2008},
  publisher={Wiley Online Library}
}

@book{armon2015assessing,
  title={Assessing multilingual children: Disentangling bilingualism from language impairment},
  author={Armon-Lotem, Sharon and de Jong, John HAL and Meir, Natalia},
  year={2015},
  publisher={Multilingual matters}
}

@article{walker1994prediction,
  title={Prediction of school outcomes based on early language production and socioeconomic factors},
  author={Walker, Dale and Greenwood, Charles and Hart, Betty and Carta, Judith},
  journal={Child development},
  volume={65},
  number={2},
  pages={606--621},
  year={1994},
  publisher={Wiley Online Library}
}

@article{brysbaert2017test,
  title={Test-based age-of-acquisition norms for 44 thousand English word meanings},
  author={Brysbaert, Marc and Biemiller, Andrew},
  journal={Behavior research methods},
  volume={49},
  number={4},
  pages={1520--1523},
  year={2017},
  publisher={Springer}
}

@article{haman2017noun,
  title={Noun and verb knowledge in monolingual preschool children across 17 languages: Data from cross-linguistic lexical tasks (LITMUS-CLT)},
  author={Haman, Ewa and {\L}uniewska, Magdalena and Hansen, Pernille and Simonsen, Hanne Gram and Chiat, Shula and Bjeki{\'c}, Jovana and Bla{\v{z}}ien{\.e}, Agn{\.e} and Chyl, Katarzyna and Daba{\v{s}}inskien{\.e}, Ineta and Engel de Abreu, Pascale and others},
  journal={Clinical linguistics \& phonetics},
  volume={31},
  number={11-12},
  pages={818--843},
  year={2017},
  publisher={Taylor \& Francis}
}

@article{haman2015designing,
  title={Designing cross-linguistic lexical tasks (CLTs) for bilingual preschool children},
  author={Haman, Ewa and {\L}uniewska, Magdalena and Pomiechowska, Barbara},
  journal={Assessing multilingual children: Disentangling bilingualism from language impairment},
  pages={196--240},
  year={2015},
  publisher={Multilingual Matters Bristol, UK}
}

@article{kuder1937theory,
title={The theory of the estimation of test reliability},
author={Kuder, G Frederic and Richardson, Marion W},
journal={Psychometrika},
volume={2},
number={3},
pages={151--160},
year={1937},
publisher={Springer}
}

@article{lichtenberger2009kaufman,
title={The Kaufman Assessment Battery for Children—Second Edition.},
author={Lichtenberger, Elizabeth O and Sotelo-Dynega, Marlene and Kaufman, Alan S},
year={2009},
publisher={John Wiley \& Sons Inc}
}

@article{andrich1982index,
title={An index of person separation in latent trait theory, the traditional KR. 20 index, and the Guttman scale response pattern.},
author={Andrich, David},
journal={Education Research and Perspectives},
volume={9},
number={1},
pages={95--104},
year={1982}
}

@misc{lenhardpeabody,
title={Peabody Picture Vocabulary Test-Revision IV (Deutsche Adaption). Frankfurt a. M},
author={Lenhard, A and Lenhard, W and Segerer, R and Suggate, S},
publisher={Germany: Pearson Assessment GmbH}
}

@book{dunn2007ppvt,
title={PPVT-4: Peabody picture vocabulary test},
author={Dunn, Lloyd M and Dunn, Douglas M},
year={2007},
publisher={Pearson Assessments}
}


@article{kirkpatrick1983optimization,
  title={Optimization by simulated annealing},
  author={Kirkpatrick, Scott and Gelatt Jr, C Daniel and Vecchi, Mario P},
  journal={Science},
  volume={220},
  number={4598},
  pages={671--680},
  year={1983},
  publisher={American association for the advancement of science}
}

@book{holland2012differential,
  title={Differential item functioning},
  author={Holland, Paul W and Wainer, Howard},
  year={2012},
  publisher={Routledge}
}

@article{hoff2018explains,
  title={What explains the correlation between growth in vocabulary and grammar? New evidence from latent change score analyses of simultaneous bilingual development},
  author={Hoff, Erika and Quinn, Jamie M and Giguere, David},
  journal={Developmental science},
  volume={21},
  number={2},
  pages={e12536},
  year={2018},
  publisher={Wiley Online Library}
}

@book{golinkoff2017user,
  title={User's manual for the Quick Interactive Language Screener (QUILS): A measure of vocabulary, syntax, and language acquisition skills in young children},
  author={Golinkoff, Roberta Michnick and De Villiers, Jill G and Hirsh-Pasek, Kathy and Iglesias, Aquiles and Wilson, Mary Sweig and Morini, Giovanna and Brezack, Natalie},
  year={2017},
  publisher={Paul H. Brookes Publishing Company}
}

@book{bayley2006bayley,
  title={Bayley Scales of Infant and Toddler Development--Third Edition},
  author={Bayley, N},
  year={2006},
  publisher={San Antonio, TX: Harcourt Assessment}
}

@article{gershon2013iv,
  title={IV. NIH Toolbox Cognition Battery (CB): measuring language (vocabulary comprehension and reading decoding)},
  author={Gershon, Richard C and Slotkin, Jerry and Manly, Jennifer J and Blitz, David L and Beaumont, Jennifer L and Schnipke, Deborah and Wallner-Allen, Kathleen and Golinkoff, Roberta Michnick and Gleason, Jean Berko and Hirsh-Pasek, Kathy and others},
  journal={Monographs of the Society for Research in Child Development},
  volume={78},
  number={4},
  pages={49--69},
  year={2013},
  publisher={Wiley Online Library}
}

@book{wechsler1949wechsler,
  title={Wechsler intelligence scale for children},
  author={Wechsler, David and Kodama, Habuku},
  volume={1},
  year={1949},
  publisher={Psychological corporation New York}
}

@book{squires2009ages,
  title={Ages \& stages questionnaires},
  author={Squires, Jane and Bricker, Diane D and Twombly, Elizabeth and others},
  year={2009},
  publisher={Paul H. Brookes Baltimore, MD}
}

@article{saudino1998validity,
  title={The validity of parent-based assessment of the cognitive abilities of 2-year-olds},
  author={Saudino, Kimberly J and Dale, Philip S and Oliver, Bonny and Petrill, Stephen A and Richardson, Victoria and Rutter, Michael and Simonoff, Emily and Stevenson, Jim and Plomin, Robert},
  journal={British Journal of Developmental Psychology},
  volume={16},
  number={3},
  pages={349--362},
  year={1998},
  publisher={Wiley Online Library}
}

@article{bodnarchuk2004can,
  title={Can parent reports be trusted?: Validity of daily checklists of gross motor milestone attainment},
  author={Bodnarchuk, Jennifer L and Eaton, Warren O},
  journal={Journal of Applied Developmental Psychology},
  volume={25},
  number={4},
  pages={481--490},
  year={2004},
  publisher={Elsevier}
}

@article{feldman2005concurrent,
  title={Concurrent and predictive validity of parent reports of child language at ages 2 and 3 years},
  author={Feldman, Heidi M and Dale, Philip S and Campbell, Thomas F and Colborn, D Kathleen and Kurs-Lasky, Marcia and Rockette, Howard E and Paradise, Jack L},
  journal={Child development},
  volume={76},
  number={4},
  pages={856--868},
  year={2005},
  publisher={Wiley Online Library}
}

@article{dale1991validity,
  title={The validity of a parent report measure of vocabulary and syntax at 24 months},
  author={Dale, Philip S},
  journal={Journal of Speech, Language, and Hearing Research},
  volume={34},
  number={3},
  pages={565--571},
  year={1991},
  publisher={ASHA}
}

@article{morsbach2006understanding,
  title={Understanding and improving the validity of self-report of parenting},
  author={Morsbach, Sarah K and Prinz, Ronald J},
  journal={Clinical Child and Family Psychology Review},
  volume={9},
  pages={1--21},
  year={2006},
  publisher={Springer}
}

@article{macy2012evidence,
  title={The evidence behind developmental screening instruments},
  author={Macy, Marisa},
  journal={Infants \& Young Children},
  volume={25},
  number={1},
  pages={19--61},
  year={2012},
  publisher={LWW}
}

@article{hornman2013validity,
  title={Validity and internal consistency of the Ages and Stages Questionnaire 60-month version and the effect of three scoring methods},
  author={Hornman, Jorijn and Kerstjens, Jorien M and de Winter, Andrea F and Bos, Arend F and Reijneveld, Sijmen A},
  journal={Early human development},
  volume={89},
  number={12},
  pages={1011--1015},
  year={2013},
  publisher={Elsevier}
}

@article{ireton1995assessin,
  title={Assessin children's development using parents' reports: The Child Development Inventory},
  author={Ireton, Harold and Glascoe, Frances P},
  journal={Clinical Pediatrics},
  volume={34},
  number={5},
  pages={248--255},
  year={1995},
  publisher={Sage Publications Sage CA: Thousand Oaks, CA}
}

@article{pontoppidan2017parent,
  title={Parent report measures of infant and toddler social-emotional development: a systematic review},
  author={Pontoppidan, Maiken and Niss, Nete K and Pejtersen, Jan H and Julian, Megan M and V{\ae}ver, Mette S},
  journal={Family Practice},
  volume={34},
  number={2},
  pages={127--137},
  year={2017},
  publisher={Oxford University Press UK}
}

@article{diamond1993role,
  title={The role of parental report in the screening and assessment of young children},
  author={Diamond, Karen E and Squires, Jane},
  journal={Journal of early intervention},
  volume={17},
  number={2},
  pages={107--115},
  year={1993},
  publisher={SAGE Publications Sage CA: Los Angeles, CA}
}

@article{dreyer1996assessing,
  title={Assessing the child's cognitive home environment through parental report; reliability and validity},
  author={Dreyer, Benard P and Mendelsohn, Alan L and Tamis-LeMonda, Catherine S},
  journal={Early Development and Parenting: An International Journal of Research and Practice},
  volume={5},
  number={4},
  pages={271--287},
  year={1996},
  publisher={Wiley Online Library}
}

@article{dunn1997british,
  title={British Picture Vocabulary Scale 2nd edition (BPVS-II)},
  author={Dunn, Lloyd M and Dunn, Leota M and Whetton, Chris and Burley, Juliet},
  journal={Windsor, Berks: NFER-Nelson},
  year={1997}
}

@article{jorgensen2010clex,
  title={CLEX: A cross-linguistic lexical norms database},
  author={J{\o}rgensen, Rune N{\o}rgaard and Dale, Philip S and Bleses, Dorthe and Fenson, Larry},
  journal={Journal of child language},
  volume={37},
  number={2},
  pages={419--428},
  year={2010},
  publisher={Cambridge University Press}
}

@article{fenson1994variability,
  title={Variability in early communicative development},
  author={Fenson, Larry and Dale, Philip S and Reznick, J Steven and Bates, Elizabeth and Thal, Donna J and Pethick, Stephen J and Tomasello, Michael and Mervis, Carolyn B and Stiles, Joan},
  journal={Monographs of the Society for Research in Child Development},
  pages={i--185},
  year={1994},
  publisher={JSTOR}
}

@incollection{frey2020computerisiertes,
  author       = {Frey, Andreas},
  title        = {Computerisiertes adaptives Testen},
  year         = {2020},
  booktitle    = {Testtheorie und Fragebogenkonstruktion},
  editor       = {Moosbrugger, Helfried and Kelava, Augustin},
  pages        = {501--525},
  publisher    = {Springer Berlin Heidelberg},
  address      = {Berlin, Heidelberg},
  doi          = {10.1007/978-3-662-61532-4_20},
  url          = {https://doi.org/10.1007/978-3-662-61532-4_20}
}


@incollection{birnbaum1968test,
  title={Test scores, sufficient statistics, and the information structures of tests},
  author={Birnbaum, A.},
  journal={Statistical theories of mental test scores},
  editor = {F. M. Lord & M. R. Novick},
  year={1986},
  publisher={Addison & Wesley}
}


@book{rasch1980probabilistic,
  title={Probabilistic models for some intelligence and attainment tests.},
  author={Rasch, Georg},
  year={1980},
  publisher={University of Chicago Press}
}


@book{kubinger2006psychologische,
  title={Psychologische diagnostik: Theorie und praxis psychologischen diagnostizierens},
  author={Kubinger, Klaus D},
  year={2006},
  publisher={Hogrefe Verlag}
}

@article{dunn1965peabody,
  title={Peabody picture vocabulary test},
  author={Dunn, Lloyd M and Dunn, Leota M},
  year={1965}
}

@misc{morizot2007toward,
  title={Toward modern psychometrics: Application of item response theory models in personality research In Robins RW, Fraley RC, \& Krueger RF (Eds.), Handbook of Research Methods in Personality Psychology (pp. 407--421)},
  author={Morizot, J and Ainsworth, AT and Reise, SP},
  year={2007},
  publisher={New York, NY: Guildford Press.[Google Scholar]}
}

@article{sivula2020uncertainty,
title={Uncertainty in Bayesian leave-one-out cross-validation based model comparison},
author={Sivula, Tuomas and Magnusson, M{\aa}ns and Vehtari, Aki},
journal={arXiv preprint arXiv:2008.10296},
year={2020}
}


@book{lord2012applications,
  title={Applications of item response theory to practical testing problems},
  author={Lord, Frederic M},
  year={2012},
  publisher={Routledge}
}

@article{burkner2019bayesian,
  title={Bayesian item response modeling in R with brms and Stan},
  author={B{\"u}rkner, Paul-Christian},
  journal={arXiv preprint arXiv:1905.09501},
  year={2019}
}

@article{vehtari2017practical,
  title={Practical Bayesian model evaluation using leave-one-out cross-validation and WAIC},
  author={Vehtari, Aki and Gelman, Andrew and Gabry, Jonah},
  journal={Statistics and computing},
  volume={27},
  number={5},
  pages={1413--1432},
  year={2017},
  publisher={Springer}
}

@article{birchenough2017rated,
  title={Rated age-of-acquisition norms for over 3,200 German words},
  author={Birchenough, Julia MH and Davies, Robert and Connelly, Vincent},
  journal={Behavior research methods},
  volume={49},
  number={2},
  pages={484--501},
  year={2017},
  publisher={Springer}
}

@article{luniewska2019age,
  title={Age of acquisition of 299 words in seven languages: American English, Czech, Gaelic, Lebanese Arabic, Malay, Persian and Western Armenian},
  author={{\L}uniewska, Magdalena and Wodniecka, Zofia and Miller, Carol A and Smolik, Filip and Butcher, Morna and Chondrogianni, Vasiliki and Hreich, Edith Kouba and Messarra, Camille and A. Razak, Rogayah and Treffers-Daller, Jeanine and others},
  journal={PloS one},
  volume={14},
  number={8},
  pages={e0220611},
  year={2019},
  publisher={Public Library of Science San Francisco, CA USA}
}

@article{estes2005risks,
  title={Risks of drawing inferences about cognitive processes from model fits to individual versus average performance},
  author={Estes, William K and Todd Maddox, W},
  journal={Psychonomic Bulletin \& Review},
  volume={12},
  number={3},
  pages={403--408},
  year={2005},
  publisher={Springer}
}

@article{franke2020theory,
  title={Theory-driven statistical modeling for semantics and pragmatics: A case study on grammatically generated implicature readings},
  author={Franke, Michael and Bergen, Leon},
  journal={Language},
  volume={96},
  number={2},
  pages={e77--e96},
  year={2020},
  publisher={Linguistic Society of America}
}

@article{kidd2020individual,
  title={Individual differences in first language acquisition},
  author={Kidd, Evan and Donnelly, Seamus},
  journal={Annual Review of Linguistics},
  volume={6},
  pages={319--340},
  year={2020},
  publisher={Annual Reviews}
}

@article{demayo2021web,
  title={Web-CDI: A system for online administration of the MacArthur-Bates Communicative Development Inventories},
  author={DeMayo, Benjamin and Kellier, Danielle and Braginsky, Mika and Bergmann, Christina and Hendriks, Cielke and Rowland, Caroline F and Frank, Michael and Marchman, Virginia},
  journal={Language Development Research},
  year={2021}
}

@article{makransky2016item,
  title={An item response theory--based, computerized adaptive testing version of the MacArthur--Bates Communicative Development Inventory: Words \& Sentences (CDI: WS)},
  author={Makransky, Guido and Dale, Philip S and Havmose, Philip and Bleses, Dorthe},
  journal={Journal of Speech, Language, and Hearing Research},
  volume={59},
  number={2},
  pages={281--289},
  year={2016},
  publisher={ASHA}
}

@article{cristia2019child,
  title={Child-directed speech is infrequent in a forager-farmer population: A time allocation study},
  author={Cristia, Alejandrina and Dupoux, Emmanuel and Gurven, Michael and Stieglitz, Jonathan},
  journal={Child development},
  volume={90},
  number={3},
  pages={759--773},
  year={2019},
  publisher={Wiley Online Library}
}

@article{weisleder2013talking,
  title={Talking to children matters: Early language experience strengthens processing and builds vocabulary},
  author={Weisleder, Adriana and Fernald, Anne},
  journal={Psychological science},
  volume={24},
  number={11},
  pages={2143--2152},
  year={2013},
  publisher={Sage Publications Sage CA: Los Angeles, CA}
}

@article{mayor2019short,
  title={A short version of the MacArthur--Bates Communicative Development Inventories with high validity},
  author={Mayor, Julien and Mani, Nivedita},
  journal={Behavior research methods},
  volume={51},
  number={5},
  pages={2248--2255},
  year={2019},
  publisher={Springer}
}

@article{moyle2007longitudinal,
  title={Longitudinal relationships between lexical and grammatical development in typical and late-talking children.},
  author={Moyle, Maura Jones and Weismer, Susan Ellis and Evans, Julia L and Lindstrom, Mary J},
  journal={Journal of Speech, Language, and Hearing Research},
  year={2007},
  publisher={American Speech-Language-Hearing Assn}
}

@article{frank2017wordbank,
  title={Wordbank: An open repository for developmental vocabulary data},
  author={Frank, Michael C and Braginsky, Mika and Yurovsky, Daniel and Marchman, Virginia A},
  journal={Journal of child language},
  volume={44},
  number={3},
  pages={677--694},
  year={2017},
  publisher={Cambridge University Press}
}

@book{frank2021variability,
  title={Variability and consistency in early language learning: The Wordbank project},
  author={Frank, Michael C and Braginsky, Mika and Yurovsky, Daniel and Marchman, Virginia A},
  year={2021},
  publisher={MIT Press}
}

@article{clark1983comprehension,
  title={Comprehension, production, and language acquisition},
  author={Clark, Eve V and Hecht, Barbara F},
  journal={Annual Review of Psychology},
  volume={34},
  number={1},
  pages={325--349},
  year={1983},
  publisher={Annual Reviews 4139 El Camino Way, PO Box 10139, Palo Alto, CA 94303-0139, USA}
}

@book{henrich2015secret,
  title={The secret of our success},
  author={Henrich, Joseph},
  year={2015},
  publisher={Princeton University Press}
}

@book{perner1991understanding,
  title={Understanding the representational mind.},
  author={Perner, Josef},
  year={1991},
  publisher={The MIT Press}
}

@article{rouder2019psychometrics,
  title={A psychometrics of individual differences in experimental tasks},
  author={Rouder, Jeffrey N and Haaf, Julia M},
  journal={Psychonomic bulletin \& review},
  volume={26},
  number={2},
  pages={452--467},
  year={2019},
  publisher={Springer}
}

@article{oller2010automated,
  title={Automated vocal analysis of naturalistic recordings from children with autism, language delay, and typical development},
  author={Oller, D Kimbrough and Niyogi, Partha and Gray, Sharmistha and Richards, Jeffrey A and Gilkerson, Jill and Xu, Dongxin and Yapanel, Umit and Warren, Steven F},
  journal={Proceedings of the National Academy of Sciences},
  volume={107},
  number={30},
  pages={13354--13359},
  year={2010},
  publisher={National Acad Sciences}
}

.@article{ren2017faster,
  author    = {Shaoqing Ren and
               Kaiming He and
               Ross B. Girshick and
               Jian Sun},
  title     = {Faster {R-CNN:} Towards Real-Time Object Detection with Region Proposal
               Networks},
  journal   = {{IEEE} Trans. Pattern Anal. Mach. Intell.},
  volume    = {39},
  number    = {6},
  pages     = {1137--1149},
  year      = {2017},
  url       = {https://doi.org/10.1109/TPAMI.2016.2577031},
  doi       = {10.1109/TPAMI.2016.2577031},
  timestamp = {Wed, 14 Nov 2018 10:51:18 +0100},
  biburl    = {https://dblp.org/rec/journals/pami/RenHG017.bib},
  bibsource = {dblp computer science bibliography, https://dblp.org}
}

:@inproceedings{duke2021sparse,
  author    = {Brendan Duke and
               Abdalla Ahmed and
               Christian Wolf and
               Parham Aarabi and
               Graham W. Taylor},
  title     = {{SSTVOS:} Sparse Spatiotemporal Transformers for Video Object Segmentation},
  booktitle = {{IEEE} Conference on Computer Vision and Pattern Recognition, {CVPR}
               2021, virtual, June 19-25, 2021},
  pages     = {5912--5921},
  publisher = {Computer Vision Foundation / {IEEE}},
  year      = {2021},
  url       = {https://openaccess.thecvf.com/content/CVPR2021/html/Duke\_SSTVOS\_Sparse\_Spatiotemporal\_Transformers\_for\_Video\_Object\_Segmentation\_CVPR\_2021\_paper.html},
  timestamp = {Mon, 30 Aug 2021 17:00:27 +0200},
  biburl    = {https://dblp.org/rec/conf/cvpr/DukeA0AT21.bib},
  bibsource = {dblp computer science bibliography, https://dblp.org}
}

@inproceedings{xu2019spatiotemporal,
  author    = {Kai Xu and
               Longyin Wen and
               Guorong Li and
               Liefeng Bo and
               Qingming Huang},
  title     = {Spatiotemporal {CNN} for Video Object Segmentation},
  booktitle = {{IEEE} Conference on Computer Vision and Pattern Recognition, {CVPR}
               2019, Long Beach, CA, USA, June 16-20, 2019},
  pages     = {1379--1388},
  publisher = {Computer Vision Foundation / {IEEE}},
  year      = {2019},
  url       = {http://openaccess.thecvf.com/content\_CVPR\_2019/html/Xu\_Spatiotemporal\_CNN\_for\_Video\_Object\_Segmentation\_CVPR\_2019\_paper.html},
  doi       = {10.1109/CVPR.2019.00147},
  timestamp = {Mon, 30 Aug 2021 17:01:14 +0200},
  biburl    = {https://dblp.org/rec/conf/cvpr/0004WLBH19.bib},
  bibsource = {dblp computer science bibliography, https://dblp.org}
}


@article{he2020mask,
  author    = {Kaiming He and
               Georgia Gkioxari and
               Piotr Doll{\'{a}}r and
               Ross B. Girshick},
  title     = {Mask {R-CNN}},
  journal   = {{IEEE} Trans. Pattern Anal. Mach. Intell.},
  volume    = {42},
  number    = {2},
  pages     = {386--397},
  year      = {2020},
  url       = {https://doi.org/10.1109/TPAMI.2018.2844175},
  doi       = {10.1109/TPAMI.2018.2844175},
  timestamp = {Sat, 30 May 2020 20:02:02 +0200},
  biburl    = {https://dblp.org/rec/journals/pami/HeGDG20.bib},
  bibsource = {dblp computer science bibliography, https://dblp.org}
}



@inproceedings{liu2017deep,
  title={Deep convolutional neural networks-based age and gender classification with facial images},
  author={Liu, Xuan and Li, Junbao and Hu, Cong and Pan, Jeng-Shyang},
  booktitle={2017 First International Conference on Electronics Instrumentation \& Information Systems (EIIS)},
  pages={1--4},
  year={2017},
  organization={IEEE}
}

@article{ekman1992there,
  title={Are there basic emotions?},
  author={Ekman, Paul},
  journal={Psychological Review},
  volume={99},
  number={3},
  pages={550–-553},
  year={1992},
  publisher={American Psychological Association}
}

@article{madigan2019parenting,
  title={Parenting behavior and child language: A meta-analysis},
  author={Madigan, Sheri and Prime, Heather and Graham, Susan A and Rodrigues, Michelle and Anderson, Nina and Khoury, Jennifer and Jenkins, Jennifer M},
  journal={Pediatrics},
  volume={144},
  number={4},
  year={2019},
  publisher={Am Acad Pediatrics}
}

@article{kollias2021affect,
  title={Affect Analysis in-the-wild: Valence-Arousal, Expressions, Action Units and a Unified Framework},
  author={Kollias, Dimitrios and Zafeiriou, Stefanos},
  journal={arXiv preprint arXiv:2103.15792},
  year={2021}
}

@inproceedings{zhang2020m,
  title={M 3 F: Multi-Modal Continuous Valence-Arousal Estimation in the Wild},
  author={Zhang, Yuan-Hang and Huang, Rulin and Zeng, Jiabei and Shan, Shiguang},
  booktitle={2020 15th IEEE International Conference on Automatic Face and Gesture Recognition (FG 2020)},
  pages={632--636},
  year={2020},
  organization={IEEE}
}

@article{nook2017increasing,
  title={Increasing verbal knowledge mediates development of multidimensional emotion representations},
  author={Nook, Erik C and Sasse, Stephanie F and Lambert, Hilary K and McLaughlin, Katie A and Somerville, Leah H},
  journal={Nature human behaviour},
  volume={1},
  number={12},
  pages={881--889},
  year={2017},
  publisher={Nature Publishing Group}
}

@article{widen2013children,
  title={Children’s interpretation of facial expressions: The long path from valence-based to specific discrete categories},
  author={Widen, Sherri C},
  journal={Emotion Review},
  volume={5},
  number={1},
  pages={72--77},
  year={2013},
  publisher={Sage Publications Sage UK: London, England}
}

@article{reisenzein2019cognitive,
  title={The cognitive-evolutionary model of surprise: A review of the evidence},
  author={Reisenzein, Rainer and Horstmann, Gernot and Sch{\"u}tzwohl, Achim},
  journal={Topics in Cognitive Science},
  volume={11},
  number={1},
  pages={50--74},
  year={2019},
  publisher={Wiley Online Library}
}

@article{russell1995facial,
  title={Facial expressions of emotion: What lies beyond minimal universality?},
  author={Russell, James A},
  journal={Psychological Bulletin},
  volume={118},
  number={3},
  pages={379},
  year={1995},
  publisher={American Psychological Association}
}

@article{greenwood2011assessing,
  title={Assessing children’s home language environments using automatic speech recognition technology},
  author={Greenwood, Charles R and Thiemann-Bourque, Kathy and Walker, Dale and Buzhardt, Jay and Gilkerson, Jill},
  journal={Communication Disorders Quarterly},
  volume={32},
  number={2},
  pages={83--92},
  year={2011},
  publisher={Sage Publications Sage CA: Los Angeles, CA}
}

@article{gendron2018universality,
  title={Universality reconsidered: Diversity in making meaning of facial expressions},
  author={Gendron, Maria and Crivelli, Carlos and Barrett, Lisa Feldman},
  journal={Current Directions in Psychological Science},
  volume={27},
  number={4},
  pages={211--219},
  year={2018},
  publisher={Sage Publications Sage CA: Los Angeles, CA}
}

@article{ruffman2006mothers,
  title={What mothers say and what they do: The relation between parenting, theory of mind, language and conflict/cooperation},
  author={Ruffman, Ted and Slade, Lance and Devitt, Kerry and Crowe, Elena},
  journal={British Journal of Developmental Psychology},
  volume={24},
  number={1},
  pages={105--124},
  year={2006},
  publisher={Wiley Online Library}
}

@inproceedings{garcia2017speaker,
  title={Speaker diarization using deep neural network embeddings},
  author={Garcia-Romero, Daniel and Snyder, David and Sell, Gregory and Povey, Daniel and McCree, Alan},
  booktitle={2017 IEEE International Conference on Acoustics, Speech and Signal Processing (ICASSP)},
  pages={4930--4934},
  year={2017},
  organization={IEEE}
}

@article{cristia2021thorough,
  title={A thorough evaluation of the Language Environment Analysis (LENA) system},
  author={Cristia, Alejandrina and Lavechin, Marvin and Scaff, Camila and Soderstrom, Melanie and Rowland, Caroline and R{\"a}s{\"a}nen, Okko and Bunce, John and Bergelson, Elika},
  journal={Behavior Research Methods},
  volume={53},
  number={2},
  pages={467--486},
  year={2021},
  publisher={Springer}
}

@article{henrich2010weirdest,
  title={The weirdest people in the world?},
  author={Henrich, Joseph and Heine, Steven J and Norenzayan, Ara},
  journal={Behavioral and Brain Sciences},
  volume={33},
  number={2-3},
  pages={61--83},
  year={2010},
  publisher={Cambridge University Press}
}

@article{wang2021deep,
  title={Deep face recognition: A survey},
  author={Wang, Mei and Deng, Weihong},
  journal={Neurocomputing},
  volume={429},
  pages={215--244},
  year={2021},
  publisher={Elsevier}
}

@article{lavechin2020open,
  title={An open-source voice type classifier for child-centered daylong recordings},
  author={Lavechin, Marvin and Bousbib, Ruben and Bredin, Herv{\'e} and Dupoux, Emmanuel and Cristia, Alejandrina},
  journal={arXiv preprint arXiv:2005.12656},
  year={2020}
}

@article{roy2015predicting,
  title={Predicting the birth of a spoken word},
  author={Roy, Brandon C and Frank, Michael C and DeCamp, Philip and Miller, Matthew and Roy, Deb},
  journal={Proceedings of the National Academy of Sciences},
  volume={112},
  number={41},
  pages={12663--12668},
  year={2015},
  publisher={National Acad Sciences}
}

@book{piaget1929child,
  title={The child’s conception of the world},
  author={Piaget, Jean},
  year={1929},
  publisher={Routledge and Kegan Paul}
}

@book{pinker2003blank,
  title={The blank slate: The modern denial of human nature},
  author={Pinker, Steven},
  year={2003},
  publisher={Penguin}
}

@book{widlok1999bushman,
  title={“Bushman” Autonomy and Namibian Independence},
  author={Widlok, T.},
  year={1999},
  publisher={Oxford University Press}
}

@book{mcelreath2018statistical,
  title={Statistical rethinking: A Bayesian course with examples in R and Stan},
  author={McElreath, Richard},
  year={2018},
  publisher={Chapman and Hall/CRC}
}

Widlok T. Living on Mangetti: “Bushman” Autonomy and Namibian Independence. Oxford University
Press; 1999. 320 p.

@article{keller2010continuity,
  title={Continuity in parenting strategies: A cross-cultural comparison},
  author={Keller, Heidi and Borke, J{\"o}rn and Chaudhary, Nandita and Lamm, Bettina and Kleis, Astrid},
  journal={Journal of Cross-Cultural Psychology},
  volume={41},
  number={3},
  pages={391--409},
  year={2010},
  publisher={Sage Publications Sage CA: Los Angeles, CA}
}

 @online{bpb_2021, 
  title={Familienhaushalte nach Zahl der Kinder}, 
  url={https://www.bpb.de/nachschlagen/zahlen-und-fakten/soziale-situation-in-deutschland/61597/haushalte-nach-zahl-der-kinder}, 
  author={Bundeszentrale für politische Bildung}, 
  urldate = {2016-12-13}
  } 

@article{many2019establishing,
  title={Establishing an infrastructure for collaboration in primate cognition research},
  author={ManyPrimates and Altschul, Drew M and Beran, Michael J and Bohn, Manuel and Call, Josep and DeTroy, Sarah and Duguid, Shona J and Egelkamp, Crystal L and Fichtel, Claudia and Fischer, Julia and others},
  journal={PLoS One},
  volume={14},
  number={10},
  pages={e0223675},
  year={2019},
  publisher={Public Library of Science San Francisco, CA USA}
}

@article{many2019collaborative,
  title={Collaborative open science as a way to reproducibility and new insights in primate cognition research},
  author={ManyPrimates and Altschul, Drew M and Beran, Michael J and Bohn, Manuel and Caspar, Kai R and Fichtel, Claudia and F{\"o}rsterling, Marlene and Grebe, N and Hernandez-Aguilar, RA and Kwok, Sze Chai and Llorente, Miquel and others},
  journal={Japanese Psychological Review},
  volume={62},
  number={3},
  pages={205--220},
  year={2019}
}

@article{many2021evolution,
  title={The evolution of primate short-term memory},
  author={ManyPrimates},
  year={2021},
  journal = {PsyArXiv}
}

@book{barrett2014shape,
  title={The shape of thought: How mental adaptations evolve},
  author={Barrett, H Clark},
  year={2014},
  publisher={Oxford University Press}
}

@online{bmfsfj_2021, 
  title={Kita und Hort: Zahl der betreuten Kinder wächst}, 
  url={https://www.bmfsfj.de/bmfsfj/themen/familie/kita-und-hort-zahl-der-betreuten-kinder-waechst-126700}, 
  author={Bundesministerium für Familie, Senioren, Frauen und Jugend}, 
  urldate = {2016-12-13}
  } 

@book{wellman2014making,
  title={Making minds: How theory of mind develops},
  author={Wellman, Henry M},
  year={2014},
  publisher={Oxford University Press}
}



@article{rakoczy2017defense,
  title={In defense of a developmental dogma: Children acquire propositional attitude folk psychology around age 4},
  author={Rakoczy, Hannes},
  journal={Synthese},
  volume={194},
  number={3},
  pages={689--707},
  year={2017},
  publisher={Springer}
}

@article{sabbagh2018replication,
  title={Replication studies of implicit false belief with infants and toddlers},
  author={Sabbagh, Mark A and Paulus, Markus},
  journal={Cognitive Development},
  volume={46},
  pages={1--3},
  year={2018},
  publisher={Elsevier}
}

@article{kulke2018implicit,
  title={Is implicit theory of mind a real and robust phenomenon? Results from a systematic replication study},
  author={Kulke, Louisa and von Duhn, Britta and Schneider, Dana and Rakoczy, Hannes},
  journal={Psychological Science},
  volume={29},
  number={6},
  pages={888--900},
  year={2018},
  publisher={Sage Publications Sage CA: Los Angeles, CA}
}

@article{kovacs2010social,
  title={The social sense: Susceptibility to others’ beliefs in human infants and adults},
  author={Kov{\'a}cs, {\'A}gnes Melinda and T{\'e}gl{\'a}s, Ern{\H{o}} and Endress, Ansgar Denis},
  journal={Science},
  volume={330},
  number={6012},
  pages={1830--1834},
  year={2010},
  publisher={American Association for the Advancement of Science}
}

@article{heyes2014false,
  title={False belief in infancy: A fresh look},
  author={Heyes, Cecilia},
  journal={Developmental Science},
  volume={17},
  number={5},
  pages={647--659},
  year={2014},
  publisher={Wiley Online Library}
}

@article{baillargeon2016psychological,
  title={Psychological reasoning in infancy},
  author={Baillargeon, Ren{\'e}e and Scott, Rose M and Bian, Lin},
  journal={Annual Review of Psychology},
  volume={67},
  pages={159--186},
  year={2016},
  publisher={Annual Reviews}
}

@article{onishi200515,
  title={Do 15-month-old infants understand false beliefs?},
  author={Onishi, Kristine H and Baillargeon, Ren{\'e}e},
  journal={Science},
  volume={308},
  number={5719},
  pages={255--258},
  year={2005},
  publisher={American Association for the Advancement of Science}
}

@article{devine2018family,
  title={Family correlates of false belief understanding in early childhood: A meta-analysis},
  author={Devine, Rory T and Hughes, Claire},
  journal={Child Development},
  volume={89},
  number={3},
  pages={971--987},
  year={2018},
  publisher={Wiley Online Library}
}

@article{beals1997sources,
  title={Sources of support for learning words in conversation: Evidence from mealtimes},
  author={Beals, Diane E},
  journal={Journal of Child Language},
  volume={24},
  number={3},
  pages={673--694},
  year={1997},
  publisher={Cambridge University Press}
}


@article{beals1993explanatory,
  title={Explanatory talk in low-income families' mealtime conversations},
  author={Beals, Diane E},
  journal={Applied Psycholinguistics},
  volume={14},
  number={4},
  pages={489--513},
  year={1993},
  publisher={Cambridge University Press}
}

@article{snow2006mealtime,
  title={Mealtime talk that supports literacy development},
  author={Snow, Catherine E and Beals, Diane E},
  journal={New directions for child and adolescent development},
  volume={2006},
  number={111},
  pages={51--66},
  year={2006},
  publisher={Wiley Online Library}
}

@article{casillas2020early,
  title={Early language experience in a Tseltal Mayan village},
  author={Casillas, Marisa and Brown, Penelope and Levinson, Stephen C},
  journal={Child Development},
  volume={91},
  number={5},
  pages={1819--1835},
  year={2020},
  publisher={Wiley Online Library}
}

@article{meylan2022learning,
author = {Meylan, Stephan C. and Bergelson, Elika},
title = {Learning Through Processing: Toward an Integrated Approach to Early Word Learning},
journal = {Annual Review of Linguistics},
volume = {8},
number = {1},
pages = {77-99},
year = {2022},
doi = {10.1146/annurev-linguistics-031220-011146}
}

@misc{de2022quantifying,
  title={Quantifying Bilingual EXperience (Q-BEx): questionnaire manual and documentation},
  author={De Cat, C and Ka{\v{s}}{\'c}elan, D and Pr{\'e}vost, P and Serratrice, L and Tuller, L and Unsworth, S},
  year={2022},
  publisher={DOI}
}

@article{kachergis2022toward,
  title={Toward a “standard model” of early language learning},
  author={Kachergis, George and Marchman, Virginia A and Frank, Michael C},
  journal={Current Directions in Psychological Science},
  volume={31},
  number={1},
  pages={20--27},
  year={2022},
  publisher={SAGE Publications Sage CA: Los Angeles, CA}
}

@article{roy2015predicting,
  title={Predicting the birth of a spoken word},
  author={Roy, Brandon C and Frank, Michael C and DeCamp, Philip and Miller, Matthew and Roy, Deb},
  journal={Proceedings of the National Academy of Sciences},
  volume={112},
  number={41},
  pages={12663--12668},
  year={2015},
  publisher={National Acad Sciences}
}

@article{de2022ten,
  title={Ten lessons about infants’ everyday experiences},
  author={de Barbaro, Kaya and Fausey, Caitlin M},
  journal={Current Directions in Psychological Science},
  volume={31},
  number={1},
  pages={28--33},
  year={2022},
  publisher={SAGE Publications Sage CA: Los Angeles, CA}
}

@article{masek2021beyond,
  title={Beyond counting words: A paradigm shift for the study of language acquisition},
  author={Masek, Lillian R and Ramirez, Alexus G and McMillan, Brianna TM and Hirsh-Pasek, Kathy and Golinkoff, Roberta Michnick},
  journal={Child Development Perspectives},
  volume={15},
  number={4},
  pages={274--280},
  year={2021},
  publisher={Wiley Online Library}
}

@article{cristia2022systematic,
  title={A systematic review suggests marked differences in the prevalence of infant-directed vocalization across groups of populations},
  author={Cristia, Alejandrina},
  journal={Developmental Science},
  pages={e13265},
  year={2022},
  publisher={Wiley Online Library}
}

@article{donnelly2021longitudinal,
  title={The longitudinal relationship between conversational turn-taking and vocabulary growth in early language development},
  author={Donnelly, Seamus and Kidd, Evan},
  journal={Child Development},
  volume={92},
  number={2},
  pages={609--625},
  year={2021},
  publisher={Wiley Online Library}
}

@article{kidd2022diverse,
  title={How diverse is child language acquisition research?},
  author={Kidd, Evan and Garcia, Rowena},
  journal={First Language},
  pages={01427237211066405},
  year={2022},
  publisher={SAGE Publications Sage UK: London, England}
}

@article{casillas2021early,
  title={Early language experience in a Papuan community},
  author={Casillas, Marisa and Brown, Penelope and Levinson, Stephen C},
  journal={Journal of Child Language},
  volume={48},
  number={4},
  pages={792--814},
  year={2021},
  publisher={Cambridge University Press}
}

@article{rowe2020language,
  title={Language development in context},
  author={Rowe, Meredith L and Weisleder, Adriana},
  journal={Annual Review of Developmental Psychology},
  volume={2},
  pages={201--223},
  year={2020},
  publisher={Annual Reviews}
}

@article{bergelson2019north,
  title={What do North American babies hear? A large-scale cross-corpus analysis},
  author={Bergelson, Elika and Casillas, Marisa and Soderstrom, Melanie and Seidl, Amanda and Warlaumont, Anne S and Amatuni, Andrei},
  journal={Developmental Science},
  volume={22},
  number={1},
  pages={e12724},
  year={2019},
  publisher={Wiley Online Library}
}

@article{bulgarelli2021quantifying,
  title={Quantifying Talker Variability in North-American Infants' Daily Input},
  author={Bulgarelli, Federica and Mielke, Jeff and Bergelson, Elika},
  journal={Cognitive Science},
  volume={46},
  number={1},
  pages={e13075},
  year={2021},
  publisher={Wiley Online Library}
}

@article{loukatou2021child,
  title={Child-directed and overheard input from different speakers in two distinct cultures},
  author={Loukatou, Georgia and Scaff, Camila and Demuth, Katherine and Cristia, Alejandrina and Havron, Naomi},
  journal={Journal of Child Language},
  pages={1--20},
  year={2021},
  publisher={Cambridge University Press}
}

@article{bunce2020cross,
  title={A cross-cultural examination of young children’s everyday language experiences},
  author={Bunce, John and Soderstrom, Melanie and Bergelson, Elika and Rosemberg, Celia and Stein, Alejandra and Migdalek, Maia and Casillas, Marisa and others},
  year={2020},
  publisher={PsyArXiv}
}

@article{oktay2017children,
  title={Children’s difficulty with true belief tasks: Competence deficit or performance problem?},
  author={Oktay-G{\"u}r, Nese and Rakoczy, Hannes},
  journal={Cognition},
  volume={166},
  pages={28--41},
  year={2017},
  publisher={Elsevier}
}

@article{debolt2020robust,
  title={Robust data and power in infant research: A case study of the effect of number of infants and number of trials in visual preference procedures},
  author={DeBolt, Michaela C and Rhemtulla, Mijke and Oakes, Lisa M},
  journal={Infancy},
  volume={25},
  number={4},
  pages={393--419},
  year={2020},
  publisher={Wiley Online Library}
}

@article{rakoczy2020young,
  title={Why do young children look so smart and older children look so dumb on true belief control tasks? An investigation of pragmatic performance factors},
  author={Rakoczy, Hannes and Oktay-G{\"u}r, Nese},
  journal={Journal of Cognition and Development},
  volume={21},
  number={2},
  pages={213--239},
  year={2020},
  publisher={Taylor \& Francis}
}

@article{lohmann2003role,
  title={The role of language in the development of false belief understanding: A training study},
  author={Lohmann, Heidemarie and Tomasello, Michael},
  journal={Child Development},
  volume={74},
  number={4},
  pages={1130--1144},
  year={2003},
  publisher={Wiley Online Library}
}

@article{cutting1999theory,
  title={Theory of mind, emotion understanding, language, and family background: Individual differences and interrelations},
  author={Cutting, Alexandra L and Dunn, Judy},
  journal={Child Development},
  volume={70},
  number={4},
  pages={853--865},
  year={1999},
  publisher={Wiley Online Library}
}

@article{taumoepeau2006mother,
  title={Mother and infant talk about mental states relates to desire language and emotion understanding},
  author={Taumoepeau, Mele and Ruffman, Ted},
  journal={Child Development},
  volume={77},
  number={2},
  pages={465--481},
  year={2006},
  publisher={Wiley Online Library}
}

@book{heyes2018cognitive,
  title={Cognitive gadgets},
  author={Heyes, Cecilia},
  year={2018},
  publisher={Harvard University Press}
}

@article{noveck2008experimental,
  title={Experimental pragmatics: A Gricean turn in the study of language},
  author={Noveck, Ira A and Reboul, Anne},
  journal={Trends in Cognitive Sciences},
  volume={12},
  number={11},
  pages={425--431},
  year={2008},
  publisher={Elsevier}
}

@book{noveck2004experimental,
  title={Experimental pragmatics},
  author={Noveck, Ira A and Sperber, Dan},
  year={2004},
  publisher={Springer}
}

@article{davis2019overview,
  title={An overview of issues in infant and developmental research for the creation of robust and replicable science},
  author={Davis-Kean, Pamela E and Ellis, Alexa},
  journal={Infant Behavior and Development},
  volume={57},
  pages={101339},
  year={2019},
  publisher={Elsevier}
}

@article{enkavi2019large,
  title={Large-scale analysis of test--retest reliabilities of self-regulation measures},
  author={Enkavi, A Zeynep and Eisenberg, Ian W and Bissett, Patrick G and Mazza, Gina L and MacKinnon, David P and Marsch, Lisa A and Poldrack, Russell A},
  journal={Proceedings of the National Academy of Sciences},
  volume={116},
  number={12},
  pages={5472--5477},
  year={2019},
  publisher={National Acad Sciences}
}

@article{flake2020measurement,
  title={Measurement schmeasurement: Questionable measurement practices and how to avoid them},
  author={Flake, Jessica Kay and Fried, Eiko I},
  journal={Advances in Methods and Practices in Psychological Science},
  volume={3},
  number={4},
  pages={456--465},
  year={2020},
  publisher={Sage Publications Sage CA: Los Angeles, CA}
}

@article{fried2018measurement,
  title={Measurement matters},
  author={Fried, Eiko I and Flake, Jessica K},
  journal={APS Observer},
  volume={31},
  number={3},
  year={2018}
}

@article{scholl1999modularity,
  title={Modularity, development and ‘theory of mind’},
  author={Scholl, Brian J and Leslie, Alan M},
  journal={Mind \& Language},
  volume={14},
  number={1},
  pages={131--153},
  year={1999},
  publisher={Wiley Online Library}
}

@article{carlson2001individual,
  title={Individual differences in inhibitory control and children's theory of mind},
  author={Carlson, Stephanie M and Moses, Louis J},
  journal={Child Development},
  volume={72},
  number={4},
  pages={1032--1053},
  year={2001},
  publisher={Wiley Online Library}
}

@article{gopnik2012reconstructing,
  title={Reconstructing constructivism: Causal models, Bayesian learning mechanisms, and the theory theory.},
  author={Gopnik, Alison and Wellman, Henry M},
  journal={Psychological Bulletin},
  volume={138},
  number={6},
  pages={1085},
  year={2012},
  publisher={American Psychological Association}
}

@article{griffiths2006optimal,
  title={Optimal predictions in everyday cognition},
  author={Griffiths, Thomas L and Tenenbaum, Joshua B},
  journal={Psychological science},
  volume={17},
  number={9},
  pages={767--773},
  year={2006},
  publisher={SAGE Publications Sage CA: Los Angeles, CA}
}

@article{mozer2008optimal,
  title={Optimal predictions in everyday cognition: The wisdom of individuals or crowds?},
  author={Mozer, Michael C and Pashler, Harold and Homaei, Hadjar},
  journal={Cognitive Science},
  volume={32},
  number={7},
  pages={1133--1147},
  year={2008},
  publisher={Wiley Online Library}
}

@book{fodor1983modularity,
  title={The modularity of mind},
  author={Fodor, Jerry A},
  year={1983},
  publisher={MIT press}
}

@article{borsboom2006attack,
  title={The attack of the psychometricians},
  author={Borsboom, Denny},
  journal={Psychometrika},
  volume={71},
  number={3},
  pages={425--440},
  year={2006},
  publisher={Springer}
}

@article{spelke2007core,
  title={Core knowledge},
  author={Spelke, Elizabeth S and Kinzler, Katherine D},
  journal={Developmental Science},
  volume={10},
  number={1},
  pages={89--96},
  year={2007},
  publisher={Wiley Online Library}
}

@article{cummins2014computational,
  title={Computational approaches to the pragmatics problem},
  author={Cummins, Chris and de Ruiter, Jan P},
  journal={Language and linguistics compass},
  volume={8},
  number={4},
  pages={133--143},
  year={2014},
  publisher={Wiley Online Library}
}

@inproceedings{anderson2021tell,
  title={Tell me everything you know: a conversation update system for the rational speech acts framework},
  author={Anderson, Carolyn Jane},
  booktitle={Proceedings of the Society for Computation in Linguistics 2021},
  pages={244--253},
  year={2021}
}

@article{barrouillet2015theories,
  title={Theories of cognitive development: From Piaget to today},
  author={Barrouillet, Pierre},
  journal={Developmental Review},
  volume={38},
  pages={1--12},
  year={2015},
  publisher={Elsevier}
}
@article{helland2014stable,
  title={Stable associations between behavioral problems and language impairments across childhood--The importance of pragmatic language problems},
  author={Helland, Wenche Andersen and Lundervold, Astri J and Heimann, Mikael and Posserud, Maj-Britt},
  journal={Research in developmental disabilities},
  volume={35},
  number={5},
  pages={943--951},
  year={2014},
  publisher={Elsevier}
}

@article{carstensen2021graded,
  title={Do graded representations support abstract thought?},
  author={Carstensen, Alexandra and Frank, Michael C},
  journal={Current Opinion in Behavioral Sciences},
  volume={37},
  pages={90--97},
  year={2021},
  publisher={Elsevier}
}

@article{wilson2021pragmatic,
  title={Pragmatic, linguistic and cognitive factors in young children's development of quantity, relevance and word learning inferences},
  author={Wilson, Elspeth and Katsos, Napoleon},
  journal={Journal of Child Language},
  pages={1--28},
  year={2021},
  publisher={Cambridge University Press}
}

@article{nilsen2009relations,
  title={The relations between children’s communicative perspective-taking and executive functioning},
  author={Nilsen, Elizabeth S and Graham, Susan A},
  journal={Cognitive Psychology},
  volume={58},
  number={2},
  pages={220--249},
  year={2009},
  publisher={Elsevier}
}

@article{matthews2018individual,
  title={Individual differences in children’s pragmatic ability: A review of associations with formal language, social cognition, and executive functions},
  author={Matthews, Danielle and Biney, Hannah and Abbot-Smith, Kirsten},
  journal={Language Learning and Development},
  volume={14},
  number={3},
  pages={186--223},
  year={2018},
  publisher={Taylor \& Francis}
}

@incollection{papafragou2016scalar,
  title={Scalar implicature},
  author={Papafragou, Anna and Skordos, Dimitrios},
  journal={The Oxford Hanbook of Developmental Linguistics},
  editor  = {J Lidz and W Snyder and J Pater},
  pages={611--632},
  year={2016},
  chapter = 26,
  publisher={Oxford University Press}
}

@book{matthews2014pragmatic,
  title={Pragmatic development in first language acquisition},
  author={Matthews, Danielle},
  volume={10},
  year={2014},
  publisher={John Benjamins Publishing Company}
}

@article{diamond2013executive,
  title={Executive functions},
  author={Diamond, Adele},
  journal={Annual Review of Psychology},
  volume={64},
  pages={135--168},
  year={2013},
  publisher={Annual Reviews}
}

@incollection{levinson2006human,
  title={On the human ‘interactional engine’},
  author={Levinson, Stephen C},
  journal={Roots of human sociality: culture, cognition and interaction},
  editor = {NJ Enfield and SC Levinson},
  pages={39 – 69},
  year={2006},
  chapter = 1,
  publisher={Oxford : Berg}
}

@article{kidd2018individual,
  title={Individual differences in language acquisition and processing},
  author={Kidd, Evan and Donnelly, Seamus and Christiansen, Morten H},
  journal={Trends in Cognitive Sciences},
  volume={22},
  number={2},
  pages={154--169},
  year={2018},
  publisher={Elsevier}
}


@article{underwood1975individual,
  title={Individual differences as a crucible in theory construction.},
  author={Underwood, Benton J},
  journal={American Psychologist},
  volume={30},
  number={2},
  pages={128},
  year={1975},
  publisher={American Psychological Association}
}

@article{levinson2012original,
  title={The original sin of cognitive science},
  author={Levinson, Stephen C},
  journal={Topics in cognitive science},
  volume={4},
  number={3},
  pages={396--403},
  year={2012},
  publisher={Wiley Online Library}
}

@article{bar2013origins,
  title={Origins of meaning: Must we ‘go Gricean’?},
  author={Bar-on, Dorit},
  journal={Mind \& Language},
  volume={28},
  number={3},
  pages={342--375},
  year={2013},
  publisher={Wiley Online Library}
}

@article{liebal2018mind,
  title={Mind the gap--moving beyond the dichotomy between intentional gestures and emotional facial and vocal signals of nonhuman primates},
  author={Liebal, Katja and O{\~n}a, Linda},
  journal={Interaction Studies},
  volume={19},
  number={1-2},
  pages={121--135},
  year={2018},
  publisher={John Benjamins}
}

@article{brentari2017language,
  title={Language emergence},
  author={Brentari, Diane and Goldin-Meadow, Susan},
  journal={Annual Review of Linguistics},
  volume={3},
  pages={363--388},
  year={2017},
  publisher={Annual Reviews}
}

@article{dezecache2019orangutans,
  title={Orangutans’ comprehension of zoo keepers’ communicative signals},
  author={Dezecache, Guillaume and Bourgeois, Aude and Bazin, Christophe and Schlenker, Philippe and Chemla, Emmanuel and Maille, Audrey},
  journal={Animals},
  volume={9},
  number={6},
  pages={300},
  year={2019},
  publisher={Multidisciplinary Digital Publishing Institute}
}

@article{bohn2016comprehension,
  title={Comprehension of iconic gestures by chimpanzees and human children},
  author={Bohn, Manuel and Call, Josep and Tomasello, Michael},
  journal={Journal of Experimental Child Psychology},
  volume={142},
  pages={1--17},
  year={2016},
  publisher={Elsevier}
}

@article{mealtime,
  title={Mealtime conversations between parents and their 18 months old children in five cultural contexts},
  author={Bohn, Manuel and Koster, Moritz and Kartner, Josha and Haun, Daniel and Kanngiesser, Patricia},
  year={in preparation},
}

@article{ullman2020bayesian,
  title={Bayesian models of conceptual development: Learning as building models of the world},
  author={Ullman, Tomer D and Tenenbaum, Joshua B},
  journal={Annual Review of Developmental Psychology},
  volume={2},
  pages={533--558},
  year={2020},
  publisher={Annual Reviews}
}

@article{maechler2012cluster,
  title={Cluster: cluster analysis basics and extensions},
  author={Maechler, Martin and Rousseeuw, Peter and Struyf, Anja and Hubert, Mia and Hornik, Kurt and others},
  journal={R package version},
  volume={1},
  number={2},
  pages={56},
  year={2012}
}

@article{baker2017rational,
  title={Rational quantitative attribution of beliefs, desires and percepts in human mentalizing},
  author={Baker, Chris L and Jara-Ettinger, Julian and Saxe, Rebecca and Tenenbaum, Joshua B},
  journal={Nature Human Behaviour},
  volume={1},
  number={4},
  pages={1--10},
  year={2017},
  publisher={Nature Publishing Group}
}

@article{haines2020theoretically,
  title={Theoretically informed generative models can advance the psychological and brain sciences: lessons from the reliability paradox},
  author={Haines, Nathaniel and Kvam, Peter D and Irving, LH and Smith, C and Beauchaine, Theodore P and Pitt, Mark A and Turner, B},
  journal={PsyArXiv},
  year={2020}
}

@article{grahek2021anatomy,
  title={Anatomy of a psychological theory: Integrating construct-validation and computational-modeling methods to advance theorizing},
  author={Grahek, Ivan and Schaller, Mark and Tackett, Jennifer L},
  journal={Perspectives on Psychological Science},
  pages={1745691620966794},
  year={2021},
  publisher={SAGE Publications Sage CA: Los Angeles, CA}
}

@article{sodian2016understanding,
  title={Understanding of goals, beliefs, and desires predicts morally relevant theory of mind: A longitudinal investigation},
  author={Sodian, Beate and Licata, Maria and Kristen-Antonow, Susanne and Paulus, Markus and Killen, Melanie and Woodward, Amanda},
  journal={Child Development},
  volume={87},
  number={4},
  pages={1221--1232},
  year={2016},
  publisher={Wiley Online Library}
}

@article{wellman2004scaling,
  title={Scaling of theory-of-mind tasks},
  author={Wellman, Henry M and Liu, David},
  journal={Child Development},
  volume={75},
  number={2},
  pages={523--541},
  year={2004},
  publisher={Wiley Online Library}
}

@article{sodian2020does,
  title={How does children’s theory of mind become explicit? A review of longitudinal findings},
  author={Sodian, Beate and Kristen-Antonow, Susanne and Kloo, Daniela},
  journal={Child Development Perspectives},
  volume={14},
  number={3},
  pages={171--177},
  year={2020},
  publisher={Wiley Online Library}
}

@article{nelson2008toddlers,
  title={Toddlers’ joint engagement experience facilitates preschoolers’ acquisition of theory of mind},
  author={Nelson, P Brooke and Adamson, Lauren B and Bakeman, Roger},
  journal={Developmental Science},
  volume={11},
  number={6},
  pages={847--852},
  year={2008},
  publisher={Wiley Online Library}
}

@article{grueneisen2015know,
  title={“I know you don't know I know…” Children use second-order false-belief reasoning for peer coordination},
  author={Grueneisen, Sebastian and Wyman, Emily and Tomasello, Michael},
  journal={Child Development},
  volume={86},
  number={1},
  pages={287--293},
  year={2015},
  publisher={Wiley Online Library}
}

@article{perner1985john,
  title={“John thinks that Mary thinks that…” attribution of second-order beliefs by 5-to 10-year-old children},
  author={Perner, Josef and Wimmer, Heinz},
  journal={Journal of Experimental Child Psychology},
  volume={39},
  number={3},
  pages={437--471},
  year={1985},
  publisher={Elsevier}
}

@article{tempelmann2013apes,
  title={When apes point the finger: Three great ape species fail to use a conspecific’s imperative pointing gesture},
  author={Tempelmann, Sebastian and Kaminski, Juliane and Liebal, Katja},
  journal={Interaction Studies},
  volume={14},
  number={1},
  pages={7--23},
  year={2013},
  publisher={John Benjamins}
}

@article{tomasello1997comprehension,
  title={Comprehension of novel communicative signs by apes and human children},
  author={Tomasello, Michael and Call, Josep and Gluckman, Andrea},
  journal={Child Development},
  pages={1067--1080},
  year={1997},
  publisher={JSTOR}
}

@article{hare2004chimpanzees,
  title={Chimpanzees are more skilful in competitive than in cooperative cognitive tasks},
  author={Hare, Brian and Tomasello, Michael},
  journal={Animal behaviour},
  volume={68},
  number={3},
  pages={571--581},
  year={2004},
  publisher={Elsevier}
}

@article{herrmann2006apes,
  title={Apes' and children's understanding of cooperative and competitive motives in a communicative situation},
  author={Herrmann, Esther and Tomasello, Michael},
  journal={Developmental Science},
  volume={9},
  number={5},
  pages={518--529},
  year={2006},
  publisher={Wiley Online Library}
}

@article{graham2018bonobo,
  title={Bonobo and chimpanzee gestures overlap extensively in meaning},
  author={Graham, Kirsty E and Hobaiter, Catherine and Ounsley, James and Furuichi, Takeshi and Byrne, Richard W},
  journal={PLOS Biology},
  volume={16},
  number={2},
  pages={e2004825},
  year={2018},
  publisher={Public Library of Science San Francisco, CA USA}
}

@article{hobaiter2014meanings,
  title={The meanings of chimpanzee gestures},
  author={Hobaiter, Catherine and Byrne, Richard W},
  journal={Current Biology},
  volume={24},
  number={14},
  pages={1596--1600},
  year={2014},
  publisher={Elsevier}
}

@article{sterelny2017code,
  title={From code to speaker meaning},
  author={Sterelny, Kim},
  journal={Biology \& Philosophy},
  volume={32},
  number={6},
  pages={819--838},
  year={2017},
  publisher={Springer}
}

@article{wheeler2012functionally,
  title={Functionally referential signals: a promising paradigm whose time has passed},
  author={Wheeler, Brandon C and Fischer, Julia},
  journal={Evolutionary Anthropology: Issues, News, and Reviews},
  volume={21},
  number={5},
  pages={195--205},
  year={2012},
  publisher={Wiley Online Library}
}

@article{smith1965message,
  title={Message, meaning, and context in ethology},
  author={Smith, W John},
  journal={The American Naturalist},
  volume={99},
  number={908},
  pages={405--409},
  year={1965},
  publisher={Science Press}
}

@article{font2010animals,
  title={Animals in translation: why there is meaning (but probably no message) in animal communication},
  author={Font, Enrique and Carazo, Pau},
  journal={Animal Behaviour},
  volume={80},
  number={2},
  pages={e1},
  year={2010}
}

@article{fischer2013bioacoustic,
  title={Bioacoustic field research: a primer to acoustic analyses and playback experiments with primates},
  author={Fischer, Julia and Noser, Rahel and Hammerschmidt, Kurt},
  journal={American Journal of Primatology},
  volume={75},
  number={7},
  pages={643--663},
  year={2013},
  publisher={Wiley Online Library}
}

@book{scott2014speaking,
  title={Speaking our minds: Why human communication is different, and how language evolved to make it special},
  author={Scott-Phillips, Thom},
  year={2014},
  publisher={Macmillan International Higher Education}
}

@article{hawkins2021partners,
  title={From partners to populations: A hierarchical Bayesian account of coordination and convention},
  author={Hawkins, Robert D and Franke, Michael and Frank, Michael C and Smith, Kenny and Griffiths, Thomas L and Goodman, Noah D},
  journal={arXiv},
  year={2021}
}

@article{woensdregt2020computational,
  title={A computational model of the cultural co-evolution of language and mindreading},
  author={Woensdregt, Marieke and Cummins, Chris and Smith, Kenny},
  journal={Synthese},
  pages={1--39},
  year={2020},
  publisher={Springer}
}

@article{piantadosi2012communicative,
  title={The communicative function of ambiguity in language},
  author={Piantadosi, Steven T and Tily, Harry and Gibson, Edward},
  journal={Cognition},
  volume={122},
  number={3},
  pages={280--291},
  year={2012},
  publisher={Elsevier}
}

@book{fitch2010evolution,
  title={The evolution of language},
  author={Fitch, W Tecumseh},
  year={2010},
  publisher={Cambridge University Press}
}

@article{moore2015production,
  title={Production and comprehension of gestures between orang-utans (Pongo pygmaeus) in a referential communication game},
  author={Moore, Richard and Call, Josep and Tomasello, Michael},
  journal={PLOS One},
  volume={10},
  number={6},
  pages={e0129726},
  year={2015},
  publisher={Public Library of Science San Francisco, CA USA}
}

@article{slocombe2011language,
  title={The language void: the need for multimodality in primate communication research},
  author={Slocombe, Katie E and Waller, Bridget M and Liebal, Katja},
  journal={Animal Behaviour},
  volume={81},
  number={5},
  pages={919--924},
  year={2011},
  publisher={Elsevier}
}

@article{liebalsublanguage,
  title={The language void 10 years on: Multimodal primate communication research is still uncommon},
  author={Liebal, Katja and Slocombe, Katie E and Waller, Bridget M},
  journal={submitted}
}

@article{arnold2006semantic,
  title={Semantic combinations in primate calls},
  author={Arnold, Kate and Zuberb{\"u}hler, Klaus},
  journal={Nature},
  volume={441},
  number={7091},
  pages={303--303},
  year={2006},
  publisher={Nature Publishing Group}
}


@article{hobaiter2017wild,
  title={Wild chimpanzees’ use of single and combined vocal and gestural signals},
  author={Hobaiter, C and Byrne, Richard William and Zuberb{\"u}hler, K},
  journal={Behavioral Ecology and Sociobiology},
  volume={71},
  number={6},
  pages={1--13},
  year={2017},
  publisher={Springer}
}

@article{wilke2017production,
  title={Production of and responses to unimodal and multimodal signals in wild chimpanzees, Pan troglodytes schweinfurthii},
  author={Wilke, Claudia and Kavanagh, Eithne and Donnellan, Ed and Waller, Bridget M and Machanda, Zarin P and Slocombe, Katie E},
  journal={Animal Behaviour},
  volume={123},
  pages={305--316},
  year={2017},
  publisher={Elsevier}
}

@article{frohlich2019multimodal,
  title={Multimodal communication and language origins: integrating gestures and vocalizations},
  author={Fr{\"o}hlich, Marlen and Sievers, Christine and Townsend, Simon W and Gruber, Thibaud and van Schaik, Carel P},
  journal={Biological Reviews},
  volume={94},
  number={5},
  pages={1809--1829},
  year={2019},
  publisher={Wiley Online Library}
}

@article{pleyer2017protolanguage,
  title={Protolanguage and mechanisms of meaning construal in interaction},
  author={Pleyer, Michael},
  journal={Language Sciences},
  volume={63},
  pages={69--90},
  year={2017},
  publisher={Elsevier}
}

@article{russell2008assessing,
  title={Assessing child and adolescent pragmatic language competencies: Toward evidence-based assessments},
  author={Russell, Robert L and Grizzle, Kenneth L},
  journal={Clinical Child and Family Psychology Review},
  volume={11},
  number={1},
  pages={59--73},
  year={2008},
  publisher={Springer}
}

@article{wilson2022novel,
  title={A novel online assessment of pragmatic and core language skills: An attempt to tease apart language domains in children},
  author={Wilson, Alexander and Bishop, Dorothy VM},
  journal={Journal of Child Language},
  volume={49},
  number={1},
  pages={38--59},
  year={2022},
  publisher={Cambridge University Press}
}

@article{schonbrodt2013sample,
  title={At what sample size do correlations stabilize?},
  author={Sch{\"o}nbrodt, Felix D and Perugini, Marco},
  journal={Journal of Research in Personality},
  volume={47},
  number={5},
  pages={609--612},
  year={2013},
  publisher={Elsevier}
}

@article{lyn2010impact,
  title={The impact of environment on the comprehension of declarative communication in apes},
  author={Lyn, Heidi and Russell, Jamie L and Hopkins, William D},
  journal={Psychological Science},
  volume={21},
  number={3},
  pages={360--365},
  year={2010},
  publisher={Sage Publications Sage CA: Los Angeles, CA}
}

@article{mulcahy2009performance,
  title={The performance of bonobos (Pan paniscus), chimpanzees (Pan troglodytes), and orangutans (Pongo pygmaeus) in two versions of an object-choice task.},
  author={Mulcahy, Nicholas J and Call, Josep},
  journal={Journal of Comparative Psychology},
  volume={123},
  number={3},
  pages={304},
  year={2009},
  publisher={American Psychological Association}
}

@article{flavell1981young,
  title={Young children's knowledge about visual perception: Further evidence for the Level 1--Level 2 distinction.},
  author={Flavell, John H and Everett, Barbara A and Croft, Karen and Flavell, Eleanor R},
  journal={Developmental Psychology},
  volume={17},
  number={1},
  pages={99},
  year={1981},
  publisher={American Psychological Association}
}

@article{phillips2021knowledge,
  title={Knowledge before belief},
  author={Phillips, Jonathan and Buckwalter, Wesley and Cushman, Fiery and Friedman, Ori and Martin, Alia and Turri, John and Santos, Laurie and Knobe, Joshua},
  journal={Behavioral and Brain Sciences},
  volume={44},
  year={2021},
  publisher={Cambridge University Press}
}


@article{luo200712,
  title={Do 12.5-month-old infants consider what objects others can see when interpreting their actions?},
  author={Luo, Yuyan and Baillargeon, Ren{\'e}e},
  journal={Cognition},
  volume={105},
  number={3},
  pages={489--512},
  year={2007},
  publisher={Elsevier}
}

@article{ruther2020ontogenetic,
  title={Ontogenetic emergence of cognitive reference comprehension},
  author={R{\"u}ther, Johanna and Liszkowski, Ulf},
  journal={Cognitive Science},
  volume={44},
  number={7},
  pages={e12869},
  year={2020},
  publisher={Wiley Online Library}
}

@article{behne2005one,
  title={One-year-olds comprehend the communicative intentions behind gestures in a hiding game},
  author={Behne, Tanya and Carpenter, Malinda and Tomasello, Michael},
  journal={Developmental Science},
  volume={8},
  number={6},
  pages={492--499},
  year={2005},
  publisher={Wiley Online Library}
}

@article{kirchhofer2012dogs,
  title={Dogs (Canis familiaris), but not chimpanzees (Pan troglodytes), understand imperative pointing},
  author={Kirchhofer, Katharina C and Zimmermann, Felizitas and Kaminski, Juliane and Tomasello, Michael},
  journal={PLOS One},
  volume={7},
  number={2},
  pages={e30913},
  year={2012},
  publisher={Public Library of Science San Francisco, USA}
}

@incollection{kegl1999creation,
  author      = "J. Kegl, A. Senghas, M.Coppola",
  title       = "Creation through contact: sign language emergence and sign language change in Nicaragua",
  editor      = "Michel DeGraff",
  booktitle   = "Language Creation and Language Change: Creolization, Diachrony, and Development",
  publisher   = "MIT Press",
  address     = "Cambridge",
  year        = 1999,
  pages       = "179–237",
  chapter     = 7,
}

@article{bohn2019natural,
  title={Natural reference: A phylo-and ontogenetic perspective on the comprehension of iconic gestures and vocalizations},
  author={Bohn, Manuel and Call, Josep and Tomasello, Michael},
  journal={Dev Sci},
  volume={22},
  number={2},
  pages={e12757},
  year={2019},
  publisher={Wiley Online Library}
}

@article{bohn2019young,
  title={Young children spontaneously recreate core properties of language in a new modality},
  author={Bohn, Manuel and Kachel, Gregor and Tomasello, Michael},
  journal={Proceedings of the National Academy of Sciences},
  volume={116},
  number={51},
  pages={26072--26077},
  year={2019},
  publisher={National Acad Sciences}
}

@article{senghas2004children,
  title={Children creating core properties of language: Evidence from an emerging sign language in Nicaragua},
  author={Senghas, Ann and Kita, Sotaro and {\"O}zy{\"u}rek, Asli},
  journal={Science},
  volume={305},
  number={5691},
  pages={1779--1782},
  year={2004},
  publisher={American Association for the Advancement of Science}
}

@article{fay2018create,
  title={How to create shared symbols},
  author={Fay, Nicolas and Walker, Bradley and Swoboda, Nik and Garrod, Simon},
  journal={Cog Sci},
  volume={42},
  pages={241--269},
  year={2018},
  publisher={Wiley Online Library}
}

@article{fay2014creating,
  title={Creating a communication system from scratch: gesture beats vocalization hands down},
  author={Fay, Nicolas and Lister, Casey J and Ellison, T Mark and Goldin-Meadow, Susan},
  journal={Frontiers in Psychology},
  volume={5},
  pages={354},
  year={2014},
  publisher={Frontiers}
}

@article{goldin1977development,
  title={The development of language-like communication without a language model},
  author={Goldin-Meadow, Susan and Feldman, Heidi},
  journal={Science},
  volume={197},
  number={4301},
  pages={401--403},
  year={1977},
  publisher={American Association for the Advancement of Science}
}

@article{happe2017structure,
  title={The structure of social cognition: In (ter) dependence of sociocognitive processes},
  author={Happ{\'e}, Francesca and Cook, Jennifer L and Bird, Geoffrey},
  journal={Annual Review of Psychology},
  volume={68},
  pages={243--267},
  year={2017},
  publisher={Annual Reviews}
}

@article{sandler2005emergence,
  title={The emergence of grammar: Systematic structure in a new language},
  author={Sandler, Wendy and Meir, Irit and Padden, Carol and Aronoff, Mark},
  journal={Proceedings of the National Academy of Sciences},
  volume={102},
  number={7},
  pages={2661--2665},
  year={2005},
  publisher={National Acad Sciences}
}

@article{bruner1974communication,
  title={From communication to language—A psychological perspective},
  author={Bruner, Jerome S},
  journal={Cognition},
  volume={3},
  number={3},
  pages={255--287},
  year={1974},
  publisher={Elsevier}
}

@article{lewis2020role,
  title={The role of developmental change and linguistic experience in the mutual exclusivity effect},
  author={Lewis, Molly and Cristiano, Veronica and Lake, Brenden M and Kwan, Tammy and Frank, Michael C},
  journal={Cognition},
  volume={198},
  pages={104191},
  year={2020},
  publisher={Elsevier}
}

@article{frank2016using,
  title={Using tablets to collect data from young children},
  author={Frank, Michael C and Sugarman, Elise and Horowitz, Alexandra C and Lewis, Molly L and Yurovsky, Daniel},
  journal={Journal of Cognition and Development},
  volume={17},
  number={1},
  pages={1--17},
  year={2016},
  publisher={Taylor \& Francis}
}

@article{levinson2014origin,
  title={The origin of human multi-modal communication},
  author={Levinson, Stephen C and Holler, Judith},
  journal={Philosophical Transactions of the Royal Society B: Biological Sciences},
  volume={369},
  number={1651},
  pages={20130302},
  year={2014},
  publisher={The Royal Society}
}

@book{trommershauser2011sensory,
  title={Sensory cue integration},
  author={Trommershauser, Julia and Kording, Konrad and Landy, Michael S},
  year={2011},
  publisher={Oxford University Press}
}

@article{bohn2022individual,
  title={An individual differences perspective on the development of pragmatic abilities in the preschool years},
  author={Bohn, Manuel and Tessler, Michael Henry and Kordt, Clara and Hausmann, Tom and Frank, Michael C},
  year={2022},
  publisher={PsyArXiv}
}

@article{bohn_tessler_merrick_frank_2019,
 title={Predicting pragmatic cue integration in adults’ and children’s inferences about novel word meanings},
 journal={Journal of Experimental Psychology: General},
 author={Bohn, Manuel and Tessler, Michael H and Merrick, Megan and Frank, Michael C},
 year={2022}
}

@article{bohn2021great,
  title={Great ape communication as contextual social inference: a computational modeling perspective},
   url={https://psyarxiv.com/yd9k4/},
   DOI={10.31234/osf.io/yd9k4},
  author={Bohn, Manuel and Liebal, Katja and Tessler, Michael Henry},
  year={2021},
  journal={PsyArXiv}
}

@article{kuntoro2017culture,
  title={Culture, parenting, and children’s theory of mind development in Indonesia},
  author={Kuntoro, Ike Anggraika and Peterson, Candida C and Slaughter, Virginia},
  journal={Journal of Cross-Cultural Psychology},
  volume={48},
  number={9},
  pages={1389--1409},
  year={2017},
  publisher={Sage Publications Sage CA: Los Angeles, CA}
}

@article{shahaeian2014cultural,
  title={Cultural and family influences on children’s theory of mind development: A comparison of Australian and Iranian school-age children},
  author={Shahaeian, Ameneh and Nielsen, Mark and Peterson, Candida C and Slaughter, Virginia},
  journal={Journal of Cross-Cultural Psychology},
  volume={45},
  number={4},
  pages={555--568},
  year={2014},
  publisher={Sage Publications Sage CA: Los Angeles, CA}
}

@article{shahaeian2015sibling,
  title={Sibling, family, and social influences on children’s theory of mind understanding: New evidence from diverse intracultural samples},
  author={Shahaeian, Ameneh},
  journal={Journal of Cross-Cultural Psychology},
  volume={46},
  number={6},
  pages={805--820},
  year={2015},
  publisher={Sage Publications Sage CA: Los Angeles, CA}
}

@article{wellman2006scaling,
  title={Scaling of theory-of-mind understandings in Chinese children},
  author={Wellman, Henry M and Fang, Fuxi and Liu, David and Zhu, Liqi and Liu, Guoxiong},
  journal={Psychological Science},
  volume={17},
  number={12},
  pages={1075--1081},
  year={2006},
  publisher={SAGE Publications Sage CA: Los Angeles, CA}
}


@article{shahaeian2014cultural,
  title={Cultural and family influences on children’s theory of mind development: A comparison of Australian and Iranian school-age children},
  author={Shahaeian, Ameneh and Nielsen, Mark and Peterson, Candida C and Slaughter, Virginia},
  journal={Journal of Cross-Cultural Psychology},
  volume={45},
  number={4},
  pages={555--568},
  year={2014},
  publisher={Sage Publications Sage CA: Los Angeles, CA}
}

@article{miller2018contributions,
  title={Contributions and challenges of cultural research on the development of social cognition},
  author={Miller, Joan G and Wice, Matthew and Goyal, Namrata},
  journal={Developmental Review},
  volume={50},
  pages={65--76},
  year={2018},
  publisher={Elsevier}
}


@article{townsend2017exorcising,
  title={Exorcising Grice's ghost: An empirical approach to studying intentional communication in animals},
  author={Townsend, Simon W and Koski, Sonja E and Byrne, Richard W and Slocombe, Katie E and Bickel, Balthasar and Boeckle, Markus and Braga Goncalves, Ines and Burkart, Judith M and Flower, Tom and Gaunet, Florence and others},
  journal={Biological Reviews},
  volume={92},
  number={3},
  pages={1427--1433},
  year={2017},
  publisher={Wiley Online Library}
}

@article{heller2016perspective,
  title={Perspective-taking behavior as the probabilistic weighing of multiple domains},
  author={Heller, Daphna and Parisien, Christopher and Stevenson, Suzanne},
  journal={Cognition},
  volume={149},
  pages={104--120},
  year={2016},
  publisher={Elsevier}
}

@article{smith2017multimodal,
  title={The multimodal nature of spoken word processing in the visual world: Testing the predictions of alternative models of multimodal integration},
  author={Smith, Alastair C and Monaghan, Padraic and Huettig, Falk},
  journal={Journal of Memory and Language},
  volume={93},
  pages={276--303},
  year={2017},
  publisher={Elsevier}
}

@article{mcclelland2006there,
  title={Are there interactive processes in speech perception?},
  author={McClelland, James L and Mirman, Daniel and Holt, Lori L},
  journal={Trends in Cognitive Sciences},
  volume={10},
  number={8},
  pages={363--369},
  year={2006},
  publisher={Elsevier}
}

@article{bahrick2000intersensory,
  title={Intersensory redundancy guides attentional selectivity and perceptual learning in infancy.},
  author={Bahrick, Lorraine E and Lickliter, Robert},
  journal={Developmental Psychology},
  volume={36},
  number={2},
  pages={190},
  year={2000},
  publisher={American Psychological Association}
}

@article{fourtassi2020optimal,
  title={How optimal is word recognition under multimodal uncertainty?},
  author={Fourtassi, Abdellah and Frank, Michael C},
  journal={Cognition},
  volume={199},
  pages={104092},
  year={2020},
  publisher={Elsevier}
}

@article{mozuraitis2018modeling,
  title={Modeling reference production as the probabilistic combination of multiple perspectives},
  author={Mozuraitis, Mindaugas and Stevenson, Suzanne and Heller, Daphna},
  journal={Cognitive science},
  volume={42},
  pages={974--1008},
  year={2018},
  publisher={Wiley Online Library}
}

@article{bergen2016pragmatic,
  title={Pragmatic reasoning through semantic inference},
  author={Bergen, Leon and Levy, Roger and Goodman, Noah},
  journal={Semantics and Pragmatics},
  volume={9},
  year={2016}
}


@article{mozuraitis2015privileged,
  title={Privileged versus shared knowledge about object identity in real-time referential processing},
  author={Mozuraitis, Mindaugas and Chambers, Craig G and Daneman, Meredyth},
  journal={Cognition},
  volume={142},
  pages={148--165},
  year={2015},
  publisher={Elsevier}
}

@article{brown2009partner,
  title={Partner-specific interpretation of maintained referential precedents during interactive dialog},
  author={Brown-Schmidt, Sarah},
  journal={Journal of memory and language},
  volume={61},
  number={2},
  pages={171--190},
  year={2009},
  publisher={Elsevier}
}

@article{csibra2009natural,
  title={Natural pedagogy},
  author={Csibra, Gergely and Gergely, Gy{\"o}rgy},
  journal={Trends in Cognitive Sciences},
  volume={13},
  number={4},
  pages={148--153},
  year={2009},
  publisher={Elsevier}
}

@incollection{clark1991grounding,
  title={Grounding in communication.},
  author={Clark, Herbert H and Brennan, Susan E},
  editor  = {L. B. Resnick and J. M. Levine, and S. D. Teasley},
  booktitle={Perspectives on socially shared cognition.},
  pages={127--149},
  year={1991},
  publisher={American Psychological Association}
}


@article{arkel2020simple,
  title={A simple repair mechanism can alleviate computational demands of pragmatic reasoning: simulations and complexity analysis},
  author={Arkel, J van and Woensdregt, MS and Dingemanse, Mark and Blokpoel, Mark},
  year={2020},
  publisher={Sl: Association for Computational Linguistics}
}

@article{bohn2021young,
  title={How young children integrate information sources to infer the meaning of words},
  author={Bohn, Manuel and Tessler, Michael Henry and Merrick, Megan and Frank, Michael C},
  journal={Nature Human Behaviour},
  volume={5},
  number={8},
  pages={1046--1054},
  year={2021},
  publisher={Nature Publishing Group}
}

@article{kuhlen2013language,
  title={Language in dialogue: When confederates might be hazardous to your data},
  author={Kuhlen, Anna K and Brennan, Susan E},
  journal={Psychonomic bulletin \& review},
  volume={20},
  number={1},
  pages={54--72},
  year={2013},
  publisher={Springer}
}

@article{graham2017words,
  title={Words are not enough: how preschoolers’ integration of perspective and emotion informs their referential understanding},
  author={Graham, Susan A and San Juan, Valerie and Khu, Melanie},
  journal={Journal of Child Language},
  volume={44},
  number={3},
  pages={500--526},
  year={2017},
  publisher={Cambridge University Press}
}

@article{matthews2006effect,
  title={The effect of perceptual availability and prior discourse on young children's use of referring expressions},
  author={Matthews, Danielle and Lieven, Elena and Theakston, Anna and Tomasello, Michael},
  journal={Applied Psycholinguistics},
  volume={27},
  number={3},
  pages={403--422},
  year={2006},
  publisher={Cambridge University Press}
}

@article{khu2020preschoolers,
  title={Preschoolers Flexibly Shift Between Speakers' Perspectives During Real-Time Language Comprehension},
  author={Khu, Melanie and Chambers, Craig G and Graham, Susan A},
  journal={Child Development},
  volume={91},
  number={3},
  pages={e619--e634},
  year={2020},
  publisher={Wiley Online Library}
}


@article{nadig2002evidence,
  title={Evidence of perspective-taking constraints in children's on-line reference resolution},
  author={Nadig, Aparna S and Sedivy, Julie C},
  journal={Psychological Science},
  volume={13},
  number={4},
  pages={329--336},
  year={2002},
  publisher={SAGE Publications Sage CA: Los Angeles, CA}
}

@article{nilsen2009preschoolers,
  title={Preschoolers' word mapping: The interplay between labelling context and specificity of speaker information},
  author={Nilsen, Elizabeth S and Graham, Susan A and Pettigrew, Tamara},
  journal={Journal of child language},
  volume={36},
  number={3},
  pages={673--684},
  year={2009},
  publisher={Cambridge University Press}
}

@article{hanna2003effects,
  title={The effects of common ground and perspective on domains of referential interpretation},
  author={Hanna, Joy E and Tanenhaus, Michael K and Trueswell, John C},
  journal={Journal of Memory and Language},
  volume={49},
  number={1},
  pages={43--61},
  year={2003},
  publisher={Elsevier}
}

@article{lee2001mutual,
  title={Mutual knowledge, background knowledge and shared beliefs: Their roles in establishing common ground},
  author={Lee, Benny PH},
  journal={Journal of pragmatics},
  volume={33},
  number={1},
  pages={21--44},
  year={2001},
  publisher={Elsevier}
}


@article{potts2016embedded,
  title={Embedded implicatures as pragmatic inferences under compositional lexical uncertainty},
  author={Potts, Christopher and Lassiter, Daniel and Levy, Roger and Frank, Michael C},
  journal={Journal of Semantics},
  volume={33},
  number={4},
  pages={755--802},
  year={2016},
  publisher={Oxford University Press}
}

@article{cohn2018pragmatically,
  title={Pragmatically informative image captioning with character-level inference},
  author={Cohn-Gordon, Reuben and Goodman, Noah and Potts, Christopher},
  journal={arXiv},
  year={2018}
}

@article{monroe2017colors,
  title={Colors in context: A pragmatic neural model for grounded language understanding},
  author={Monroe, Will and Hawkins, Robert XD and Goodman, Noah D and Potts, Christopher},
  journal={Transactions of the Association for Computational Linguistics},
  volume={5},
  pages={325--338},
  year={2017},
  publisher={MIT Press}
}

@article{ozyurek2007line,
  title={On-line integration of semantic information from speech and gesture: Insights from event-related brain potentials},
  author={{\"O}zy{\"u}rek, Asl{\i} and Willems, Roel M and Kita, Sotaro and Hagoort, Peter},
  journal={Journal of Cognitive Neuroscience},
  volume={19},
  number={4},
  pages={605--616},
  year={2007},
  publisher={MIT Press}
}

@article{hagoort2004integration,
  title={Integration of word meaning and world knowledge in language comprehension},
  author={Hagoort, Peter and Hald, Lea and Bastiaansen, Marcel and Petersson, Karl Magnus},
  journal={Science},
  volume={304},
  number={5669},
  pages={438--441},
  year={2004},
  publisher={American Association for the Advancement of Science}
}

@article{degen2020redundancy,
  title={When redundancy is useful: A Bayesian approach to “overinformative” referring expressions.},
  author={Degen, Judith and Hawkins, Robert D and Graf, Caroline and Kreiss, Elisa and Goodman, Noah D},
  journal={Psychological Review},
  volume={127},
  number={4},
  pages={591},
  year={2020},
  publisher={American Psychological Association}
}

@article{ona2019stepping,
  title={A stepping stone to compositionality in chimpanzee communication},
  author={O{\~n}a, Linda S and Sandler, Wendy and Liebal, Katja},
  journal={PeerJ},
  volume={7},
  pages={e7623},
  year={2019},
  publisher={PeerJ Inc.}
}

@article{zelazo2006dimensional,
  title={The Dimensional Change Card Sort (DCCS): A method of assessing executive function in children},
  author={Zelazo, Philip David},
  journal={Nature protocols},
  volume={1},
  number={1},
  pages={297--301},
  year={2006},
  publisher={Nature publishing group}
}


@article{arbib2014dyadic,
  title={Dyadic brain modelling, mirror systems and the ontogenetic ritualization of ape gesture},
  author={Arbib, Michael and Ganesh, Varsha and Gasser, Brad},
  journal={Philosophical Transactions of the Royal Society B: Biological Sciences},
  volume={369},
  number={1644},
  pages={20130414},
  year={2014},
  publisher={The Royal Society}
}

@article{gasser2019dyadic,
  title={A dyadic brain model of ape gestural learning, production and representation},
  author={Gasser, Brad and Arbib, Michael},
  journal={Animal Cognition},
  volume={22},
  number={4},
  pages={519--534},
  year={2019},
  publisher={Springer}
}

@article{arbib2016towards,
  title={Towards a computational comparative neuroprimatology: framing the language-ready brain},
  author={Arbib, Michael A},
  journal={Physics of Life Reviews},
  volume={16},
  pages={1--54},
  year={2016},
  publisher={Elsevier}
}

@article{gasser2014ontogenetic,
  title={Ontogenetic ritualization of primate gesture as a case study in dyadic brain modeling},
  author={Gasser, Brad and Cartmill, Erica A and Arbib, Michael A},
  journal={Neuroinformatics},
  volume={12},
  number={1},
  pages={93--109},
  year={2014},
  publisher={Springer}
}

@article{roberts2013communicative,
  title={Communicative intentions in wild chimpanzees: persistence and elaboration in gestural signalling},
  author={Roberts, Anna Ilona and Vick, Sarah-Jane and Buchanan-Smith, Hannah M},
  journal={Animal Cognition},
  volume={16},
  number={2},
  pages={187--196},
  year={2013},
  publisher={Springer}
}

@article{cartmill2007orangutans,
  title={Orangutans modify their gestural signaling according to their audience's comprehension},
  author={Cartmill, Erica A and Byrne, Richard W},
  journal={Current Biology},
  volume={17},
  number={15},
  pages={1345--1348},
  year={2007},
  publisher={Elsevier}
}


@article{hedge2018reliability,
  title={The reliability paradox: Why robust cognitive tasks do not produce reliable individual differences},
  author={Hedge, Craig and Powell, Georgina and Sumner, Petroc},
  journal={Behavior research methods},
  volume={50},
  number={3},
  pages={1166--1186},
  year={2018},
  publisher={Springer}
}

@article{schmid2017great,
  title={Great apes are sensitive to prior reliability of an informant in a gaze following task},
  author={Schmid, Benjamin and Karg, Katja and Perner, Josef and Tomasello, Michael},
  journal={PLOS One},
  volume={12},
  number={11},
  pages={e0187451},
  year={2017},
  publisher={Public Library of Science San Francisco, CA USA}
}

@book{call2007gestural,
  title={The gestural communication of apes and monkeys},
  author={Call, Josep and Tomasello, Michael},
  year={2007},
  publisher={New York: Lawrence Erlbaum Associates}
}

@article{poss2006differential,
  title={Differential use of attentional and visual communicative signaling by orangutans (Pongo pygmaeus) and gorillas (Gorilla gorilla) in response to the attentional status of a human},
  author={Poss, Sarah R and Kuhar, Chris and Stoinski, Tara S and Hopkins, William D},
  journal={American Journal of Primatology},
  volume={68},
  number={10},
  pages={978--992},
  year={2006},
  publisher={Wiley Online Library}
}

@article{altmann1965sociobiology,
  title={Sociobiology of rhesus monkeys. II: Stochastics of social communication},
  author={Altmann, Stuart A},
  journal={Journal of Theoretical Biology},
  volume={8},
  number={3},
  pages={490--522},
  year={1965},
  publisher={Elsevier}
}

@article{liebal2006gestural,
  title={Gestural communication of orangutans (Pongo pygmaeus)},
  author={Liebal, Katja and Pika, Simone and Tomasello, Michael},
  journal={Gesture},
  volume={6},
  number={1},
  pages={1--38},
  year={2006},
  publisher={John Benjamins}
}

@article{crockford2017vocalizing,
  title={Vocalizing in chimpanzees is influenced by social-cognitive processes},
  author={Crockford, Catherine and Wittig, Roman M and Zuberb{\"u}hler, Klaus},
  journal={Science Advances},
  volume={3},
  number={11},
  year={2017},
  publisher={American Association for the Advancement of Science}
}

@article{crockford2012wild,
  title={Wild chimpanzees inform ignorant group members of danger},
  author={Crockford, Catherine and Wittig, Roman M and Mundry, Roger and Zuberb{\"u}hler, Klaus},
  journal={Current Biology},
  volume={22},
  number={2},
  pages={142--146},
  year={2012},
  publisher={Elsevier}
}

@article{kamide2003integration,
  title={Integration of syntactic and semantic information in predictive processing: Cross-linguistic evidence from German and English},
  author={Kamide, Yuki and Scheepers, Christoph and Altmann, Gerry TM},
  journal={Journal of Psycholinguistic Research},
  volume={32},
  number={1},
  pages={37--55},
  year={2003},
  publisher={Springer}
}

@article{schulze20133,
  title={3-year-old children make relevance inferences in indirect verbal communication},
  author={Schulze, Cornelia and Grassmann, Susanne and Tomasello, Michael},
  journal={Child development},
  volume={84},
  number={6},
  pages={2079--2093},
  year={2013},
  publisher={Wiley Online Library}
}

@article{grassmann2015children,
  title={Children’s level of word knowledge predicts their exclusion of familiar objects as referents of novel words},
  author={Grassmann, Susanne and Schulze, Cornelia and Tomasello, Michael},
  journal={Frontiers in Psychology},
  volume={6},
  pages={1200},
  year={2015},
  publisher={Frontiers}
}

@article{milligan2007language,
  title={Language and theory of mind: Meta-analysis of the relation between language ability and false-belief understanding},
  author={Milligan, Karen and Astington, Janet Wilde and Dack, Lisa Ain},
  journal={Child Development},
  volume={78},
  number={2},
  pages={622--646},
  year={2007},
  publisher={Wiley Online Library}
}

@article{haun2006cognitive,
  title={Cognitive cladistics and cultural override in Hominid spatial cognition},
  author={Haun, Daniel BM and Rapold, Christian J and Call, Josep and Janzen, Gabriele and Levinson, Stephen C},
  journal={Proceedings of the National Academy of Sciences},
  volume={103},
  number={46},
  pages={17568--17573},
  year={2006},
  publisher={National Acad Sciences}
}

@article{barrett2013early,
  title={Early false-belief understanding in traditional non-Western societies},
  author={Barrett, H Clark and Broesch, Tanya and Scott, Rose M and He, Zijing and Baillargeon, Ren{\'e}e and Wu, Di and Bolz, Matthias and Henrich, Joseph and Setoh, Peipei and Wang, Jianxin and others},
  journal={Proceedings of the Royal Society B: Biological Sciences},
  volume={280},
  number={1755},
  pages={20122654},
  year={2013},
  publisher={The Royal Society}
}

@article{de2002complements,
  title={Complements to cognition: A longitudinal study of the relationship between complex syntax and false-belief-understanding},
  author={De Villiers, Jill G and Pyers, Jennie E},
  journal={Cognitive Development},
  volume={17},
  number={1},
  pages={1037--1060},
  year={2002},
  publisher={Elsevier}
}

@article{ruffman1999parenting,
  title={How parenting style affects false belief understanding},
  author={Ruffman, Ted and Perner, Josef and Parkin, Lindsay},
  journal={Social Development},
  volume={8},
  number={3},
  pages={395--411},
  year={1999},
  publisher={Wiley Online Library}
}

@article{brandone2009you,
  title={You can't always get what you want: Infants understand failed goal-directed actions},
  author={Brandone, Amanda C and Wellman, Henry M},
  journal={Psychological Science},
  volume={20},
  number={1},
  pages={85--91},
  year={2009},
  publisher={SAGE Publications Sage CA: Los Angeles, CA}
}

@book{nelson1998language,
  title={Language in cognitive development: The emergence of the mediated mind},
  author={Nelson, Katherine},
  year={1998},
  publisher={Cambridge University Press}
}

@article{nielsen2017persistent,
  title={The persistent sampling bias in developmental psychology: A call to action},
  author={Nielsen, Mark and Haun, Daniel and K{\"a}rtner, Joscha and Legare, Cristine H},
  journal={Journal of Experimental Child Psychology},
  volume={162},
  pages={31--38},
  year={2017},
  publisher={Elsevier}
}

@article{lotzin2015observational,
  title={Observational tools for measuring parent--infant interaction: A systematic review},
  author={Lotzin, Annett and Lu, Xiaoxing and Kriston, Levente and Schiborr, Julia and Musal, Teresa and Romer, Georg and Ramsauer, Brigitte},
  journal={Clinical Child and Family Psychology Review},
  volume={18},
  number={2},
  pages={99--132},
  year={2015},
  publisher={Springer}
}

@article{gardner2000methodological,
  title={Methodological issues in the direct observation of parent--child interaction: Do observational findings reflect the natural behavior of participants?},
  author={Gardner, Frances},
  journal={Clinical Child and Family Psychology Review},
  volume={3},
  number={3},
  pages={185--198},
  year={2000},
  publisher={Springer}
}

@misc{heyes2012new,
  title={New thinking: the evolution of human cognition},
  author={Heyes, Cecilia},
  journal={Philosophical Transactions of the Royal Society B: Biological Sciences},
  volume={367},
  number={1599},
  pages={2091--2096},
  year={2012},
  publisher={The Royal Society}
}

@article{broesch2021opportunities,
  title={Opportunities for Interaction: Natural Observations of Children's Social Behavior in Five Societies.},
  author={Broesch, Tanya and Carolan, Patrick L and Cebio{\u{g}}lu, Senay and von Rueden, Chris and Boyette, Adam and Moya, Cristina and Hewlett, Barry and Kline, Michelle A},
  journal={Human Nature},
  year={2021}
}

@article{dixson2018scaling,
  title={Scaling theory of mind in a small-scale society: A case study from Vanuatu},
  author={Dixson, Henry GW and Komugabe-Dixson, Aim{\'e}e F and Dixson, Barnaby J and Low, Jason},
  journal={Child Development},
  volume={89},
  number={6},
  pages={2157--2175},
  year={2018},
  publisher={Wiley Online Library}
}

@article{mayer2013synchrony,
  title={Synchrony in the onset of mental state understanding across cultures? A study among children in Samoa},
  author={Mayer, Andreas and Tr{\"a}uble, Birgit E},
  journal={International Journal of Behavioral Development},
  volume={37},
  number={1},
  pages={21--28},
  year={2013},
  publisher={Sage Publications Sage UK: London, England}
}

@article{carpendale2004constructing,
  title={Constructing an understanding of mind: The development of children's social understanding within social interaction},
  author={Carpendale, Jeremy IM and Lewis, Charlie},
  journal={Behavioral and Brain Sciences},
  volume={27},
  number={1},
  pages={79--96},
  year={2004},
  publisher={Cambridge University Press}
}

@article{yu2020inconvenient,
  title={Inconvenient samples: Modeling biases related to parental consent by coupling observational and experimental results},
  author={Yu, Yue and Shafto, Patrick and Bonawitz, Elizabeth},
  journal={Open Mind},
  volume={4},
  pages={13--24},
  year={2020},
  publisher={MIT Press}
}

@article{leavens2005intentionality,
  title={Intentionality as measured in the persistence and elaboration of communication by chimpanzees (Pan troglodytes)},
  author={Leavens, David A and Russell, Jamie L and Hopkins, William D},
  journal={Child Development},
  volume={76},
  number={1},
  pages={291--306},
  year={2005},
  publisher={Wiley Online Library}
}

@book{liebal2014primate,
  title={Primate communication: a multimodal approach},
  author={Liebal, Katja and Waller, Bridget M and Burrows, Anne M and Slocombe, Katie E},
  year={2014},
  publisher={Cambridge University Press}
}

@book{bates1979emergence,
  title={The emergence of symbols: Cognition and communication in infancy},
  author={Bates, E and Benigni, L and Bretherton, I and Camaioni, L and Volterra, V},
  year={1979},
  publisher={ New York: Academic Press}
}

@inproceedings{wang2016learning,
  title={Learning language games through interaction},
  author={Wang, Sida and Liang, Percy and Manning, Christopher D},
  booktitle={54th Annual Meeting of the Association for Computational Linguistics, ACL 2016},
  pages={2368--2378},
  year={2016},
  organization={Association for Computational Linguistics (ACL)}
}

@article{tanenhaus1995integration,
  title={Integration of visual and linguistic information in spoken language comprehension},
  author={Tanenhaus, Michael K and Spivey-Knowlton, Michael J and Eberhard, Kathleen M and Sedivy, Julie C},
  journal={Science},
  volume={268},
  number={5217},
  pages={1632--1634},
  year={1995},
  publisher={American Association for the Advancement of Science}
}

@article{bohn_le_peloquin_koymen_frank_2020,
  title={Children's interpretation of ambiguous pronouns based on prior discourse},
  author={Bohn, Manuel and Le, Khuyen Nha and Peloquin, Benjamin and K{\"o}ymen, Bahar and Frank, Michael C},
  journal={Developmental Science},
  volume={24},
  number={3},
  pages={e13049},
  year={2021},
  publisher={Wiley Online Library}
}

@article{su2015interpretation,
  title={Interpretation of logical words in Mandarin-speaking children with autism spectrum disorders: Uncovering knowledge of semantics and pragmatics},
  author={Su, Yi Esther and Su, Lin-Yan},
  journal={Journal of Autism and Developmental Disorders},
  volume={45},
  number={7},
  pages={1938--1950},
  year={2015},
  publisher={Springer}
}

@article{zhao2021development,
  title={The development of quantity implicatures in mandarin-speaking children},
  author={Zhao, Shuyan and Ren, Jie and Frank, Michael C and Zhou, Peng},
  journal={Language Learning and Development},
  pages={1--23},
  year={2021},
  publisher={Taylor \& Francis}
}

@article{fortier2018ad,
  title={Ad-hoc pragmatic implicatures among Shipibo-Konibo children in the Peruvian Amazon},
  author={Fortier, Martin and Kellier, Danielle and Flecha, Maria Fern{\'a}ndez and Frank, Michael C},
  year={2018},
  journal={PsyArXiv}
}

@article{de2010computer,
  title={Computer models of vocal tract evolution: An overview and critique},
  author={De Boer, Bart and Tecumseh Fitch, W},
  journal={Adaptive Behavior},
  volume={18},
  number={1},
  pages={36--47},
  year={2010},
  publisher={SAGE Publications Sage UK: London, England}
}

@article{riede2005vocal,
  title={Vocal production mechanisms in a non-human primate: morphological data and a model},
  author={Riede, Tobias and Bronson, Ellen and Hatzikirou, Haralambos and Zuberb{\"u}hler, Klaus},
  journal={Journal of Human Evolution},
  volume={48},
  number={1},
  pages={85--96},
  year={2005},
  publisher={Elsevier}
}

@article{akhtar2002relevance,
  title={Relevance and early word learning},
  author={Akhtar, Nameera},
  journal={Journal of Child Language},
  volume={29},
  number={3},
  pages={677--686},
  year={2002},
  publisher={Cambridge University Press}
}

@article{akhtar1996role,
  title={The role of discourse novelty in early word learning},
  author={Akhtar, Nameera and Carpenter, Malinda and Tomasello, Michael},
  journal={Child Development},
  volume={67},
  number={2},
  pages={635--645},
  year={1996},
  publisher={Wiley Online Library}
}

@book{lee2012basic,
  title={Basic and advanced Bayesian structural equation modeling: With applications in the medical and behavioral sciences},
  author={Lee, Sik-Yum and Song, Xin-Yuan},
  year={2012},
  publisher={John Wiley \& Sons}
}

@article{cain2019fit,
  title={Fit for a Bayesian: An evaluation of PPP and DIC for structural equation modeling},
  author={Cain, Meghan K and Zhang, Zhiyong},
  journal={Structural Equation Modeling: A Multidisciplinary Journal},
  volume={26},
  number={1},
  pages={39--50},
  year={2019},
  publisher={Taylor \& Francis}
}

@article{christie2014language,
  title={Language helps children succeed on a classic analogy task},
  author={Christie, Stella and Gentner, Dedre},
  journal={Cognitive science},
  volume={38},
  number={2},
  pages={383--397},
  year={2014},
  publisher={Wiley Online Library}
}

@article{katsos2011pragmatic,
  title={Pragmatic tolerance: Implications for the acquisition of informativeness and implicature},
  author={Katsos, Napoleon and Bishop, Dorothy VM},
  journal={Cognition},
  volume={120},
  number={1},
  pages={67--81},
  year={2011},
  publisher={Elsevier}
}

@article{ullman2020bayesian,
  title={Bayesian models of conceptual development: Learning as building models of the world},
  author={Ullman, Tomer D and Tenenbaum, Joshua B},
  journal={Annual Review of Developmental Psychology},
  volume={2},
  pages={533--558},
  year={2020},
  publisher={Annual Reviews}
}

@article{franke2016reasoning,
  title={Reasoning in reference games: Individual-vs. population-level probabilistic modeling},
  author={Franke, Michael and Degen, Judith},
  journal={PloS one},
  volume={11},
  number={5},
  pages={e0154854},
  year={2016},
  publisher={Public Library of Science San Francisco, CA USA}
}

@article{simmering2010dialogue,
  title={A dialogue on the role of computational modeling in developmental science},
  author={Simmering, Vanessa R and Triesch, Jochen and De{\'a}k, Gedeon O and Spencer, John P},
  journal={Child Development Perspectives},
  volume={4},
  number={2},
  pages={152--158},
  year={2010},
  publisher={Wiley Online Library}
}

@article{van2021theory,
  title={Theory before the test: How to build high-verisimilitude explanatory theories in psychological science},
  author={van Rooij, Iris and Baggio, Giosu{\`e}},
  journal={Perspectives on Psychological Science},
  volume={16},
  number={4},
  pages={682--697},
  year={2021},
  publisher={Sage Publications Sage CA: Los Angeles, CA}
}

@article{hofman2021integrating,
  title={Integrating explanation and prediction in computational social science},
  author={Hofman, Jake M and Watts, Duncan J and Athey, Susan and Garip, Filiz and Griffiths, Thomas L and Kleinberg, Jon and Margetts, Helen and Mullainathan, Sendhil and Salganik, Matthew J and Vazire, Simine and others},
  journal={Nature},
  volume={595},
  number={7866},
  pages={181--188},
  year={2021},
  publisher={Nature Publishing Group}
}

@article{van2022psychological,
  title={Psychological models and their distractors},
  author={van Rooij, Iris},
  journal={Nature Reviews Psychology},
  pages={1--2},
  year={2022},
  publisher={Nature Publishing Group}
}

@article{guest2021computational,
  title={How computational modeling can force theory building in psychological science},
  author={Guest, Olivia and Martin, Andrea E},
  journal={Perspectives on Psychological Science},
  volume={16},
  number={4},
  pages={789--802},
  year={2021},
  publisher={Sage Publications Sage CA: Los Angeles, CA}
}

@article{yoon2019role,
  title={The role of salience in young children’s processing of ad hoc implicatures},
  author={Yoon, Erica J and Frank, Michael C},
  journal={Journal of Experimental Child Psychology},
  volume={186},
  pages={99--116},
  year={2019},
  publisher={Elsevier}
}

@article{yoon2020polite,
  title={Polite speech emerges from competing social goals},
  author={Yoon, Erica J and Tessler, Michael Henry and Goodman, Noah D and Frank, Michael C},
  journal={Open Mind},
  volume={4},
  pages={71--87},
  year={2020},
  publisher={MIT Press}
}

@article{scontras2021practical,
  title={A practical introduction to the Rational Speech Act modeling framework},
  author={Scontras, Gregory and Tessler, Michael Henry and Franke, Michael},
  journal={arXiv},
  year={2021}
}

@inproceedings{shukla2019should,
  title={What Should I Ask? Using Conversationally Informative Rewards for Goal-oriented Visual Dialog.},
  author={Shukla, Pushkar and Elmadjian, Carlos and Sharan, Richika and Kulkarni, Vivek and Turk, Matthew and Wang, William Yang},
  booktitle={Proceedings of the 57th Annual Meeting of the Association for Computational Linguistics},
  pages={6442--6451},
  year={2019}
}

@article{skordos2016children,
  title={Children’s derivation of scalar implicatures: Alternatives and relevance},
  author={Skordos, Dimitrios and Papafragou, Anna},
  journal={Cognition},
  volume={153},
  pages={6--18},
  year={2016},
  publisher={Elsevier}
}

@article{horowitz2018trouble,
  title={The trouble with quantifiers: Exploring children's deficits in scalar implicature},
  author={Horowitz, Alexandra C and Schneider, Rose M and Frank, Michael C},
  journal={Child Development},
  volume={89},
  number={6},
  pages={e572--e593},
  year={2018},
  publisher={Wiley Online Library}
}


@article{noveck2001children,
  title={When children are more logical than adults: Experimental investigations of scalar implicature},
  author={Noveck, Ira A},
  journal={Cognition},
  volume={78},
  number={2},
  pages={165--188},
  year={2001},
  publisher={Elsevier}
}

@article{o2001two,
  title={Two-year-old children's sensitivity to the referential (in) efficacy of their own pointing gestures},
  author={O'Neill, Daniela K and Topolovec, Jane C},
  journal={Journal of Child Language},
  volume={28},
  number={1},
  pages={1--28},
  year={2001},
  publisher={Cambridge University Press}
}

@article{vouloumanos2012twelve,
  title={Twelve-month-old infants recognize that speech can communicate unobservable intentions},
  author={Vouloumanos, Athena and Onishi, Kristine H and Pogue, Amanda},
  journal={Proceedings of the National Academy of Sciences},
  volume={109},
  number={32},
  pages={12933--12937},
  year={2012},
  publisher={National Acad Sciences}
}

@article{bohn2019pervasive,
  title={The pervasive role of pragmatics in early language},
  journal={Annual Review of Developmental Psychology},
  author={Bohn, Manuel and Frank, Michael C.},
journal = {Annual Review of Developmental Psychology},
volume = {1},
number = {1},
pages = {223-249},
year = {2019}
}


@article{goodman2013knowledge,
  title={Knowledge and implicature: Modeling language understanding as social cognition},
  author={Goodman, Noah D and Stuhlm{\"u}ller, Andreas},
  journal={Topics in Cognitive Science},
  volume={5},
  number={1},
  pages={173--184},
  year={2013},
  publisher={Wiley Online Library}
}

@article{kao2014nonliteral,
  title={Nonliteral understanding of number words},
  author={Kao, Justine T and Wu, Jean Y and Bergen, Leon and Goodman, Noah D},
  journal={Proceedings of the National Academy of Sciences},
  volume={111},
  number={33},
  pages={12002--12007},
  year={2014},
  publisher={National Acad Sciences}
}

@article{lassiter2017adjectival,
  title={Adjectival vagueness in a Bayesian model of interpretation},
  author={Lassiter, Daniel and Goodman, Noah D},
  journal={Synthese},
  volume={194},
  number={10},
  pages={3801--3836},
  year={2017},
  publisher={Springer}
}

@article{fedurek2011primate,
  title={Primate vocal communication: a useful tool for understanding human speech and language evolution?},
  author={Fedurek, Pawel and Slocombe, Katie E},
  journal={Human Biology},
  volume={83},
  number={2},
  pages={153--173},
  year={2011},
  publisher={BioOne}
}

@book{boe2017origins,
  title={Origins of human language: Continuities and discontinuities with nonhuman primates},
  author={Bo{\"e}, Louis-Jean and Fagot, Jo{\"e}l and Perrier, Pascal and Schwartz, Jean-Luc},
  year={2017},
  publisher={Peter Lang International Academic Publishers}
}

@article{bohn2020learning,
  title={Learning novel skills from iconic gestures: a developmental and evolutionary perspective},
  author={Bohn, Manuel and Kordt, Clara and Braun, Maren and Call, Josep and Tomasello, Michael},
  journal={Psychological Science},
  volume={31},
  number={7},
  pages={873--880},
  year={2020},
  publisher={Sage Publications Sage CA: Los Angeles, CA}
}

@article{zuberbuhler2005phylogenetic,
  title={The phylogenetic roots of language: evidence from primate communication and cognition},
  author={Zuberb{\"u}hler, Klaus},
  journal={Current Directions in Psychological Science},
  volume={14},
  number={3},
  pages={126--130},
  year={2005},
  publisher={SAGE Publications Sage CA: Los Angeles, CA}
}

@article{arbib2008primate,
  title={Primate vocalization, gesture, and the evolution of human language},
  author={Arbib, Michael A and Liebal, Katja and Pika, Simone},
  journal={Current Anthropology},
  volume={49},
  number={6},
  pages={1053--1076},
  year={2008},
  publisher={The University of Chicago Press}
}

@article{muthukrishna2019problem,
  title={A problem in theory},
  author={Muthukrishna, Michael and Henrich, Joseph},
  journal={Nature Human Behaviour},
  volume={3},
  number={3},
  pages={221--229},
  year={2019},
  publisher={Nature Publishing Group}
}

@article{tessler2019language,
  title={The language of generalization.},
  author={Tessler, Michael Henry and Goodman, Noah D},
  journal={Psychological Review},
  volume={126},
  number={3},
  pages={395},
  year={2019},
  publisher={American Psychological Association}
}

@inproceedings{tessler2017warm,
  title={Warm (for winter): Comparison class understanding in vague language},
  author={Tessler, Michael Henry and Lopez-Brau, Michael and Goodman, Noah D},
  booktitle={Proceedings of the 39th Annual Conference of the
                  Cognitive Science Society},
  year={2017}
}

@inproceedings{degen2015wonky,
  title={Wonky worlds: Listeners revise world knowledge when utterances are odd.},
  author={Degen, Judith and Tessler, Michael Henry and Goodman, Noah D},
  booktitle={Proceedings of the 37th Annual Conference of the Cognitive Science Society},
  year={2015}
}

@article{huang2009online,
  title={Online interpretation of scalar quantifiers: Insight into the semantics--pragmatics interface},
  author={Huang, Yi Ting and Snedeker, Jesse},
  journal={Cognitive Psychology},
  volume={58},
  number={3},
  pages={376--415},
  year={2009},
  publisher={Elsevier}
}

@book{levinson2000presumptive,
  title={Presumptive meanings: The theory of generalized conversational implicature},
  author={Levinson, Stephen C},
  year={2000},
  publisher={Cambridge, MA: MIT press}
}

@book{clark2009first,
  title={First language acquisition},
  author={Clark, Eve V},
  year={2009},
  publisher={Cambridge: Cambridge University Press}
}


@incollection{clark2015common,
  title={Common Ground},
  author={Clark, Eve V},
  journal={The handbook of language emergence},
  editor  = {B MacWhinney and W O'Grady},
  volume={87},
  pages={328--353},
  year={2015},
  chapter = 15,
  publisher={John Wiley \& Sons}
}


@article{bohn2018common,
  title={Common ground and development},
  author={Bohn, Manuel and K{\"o}ymen, Bahar},
  journal={Child Development Perspectives},
  volume={12},
  number={2},
  pages={104--108},
  year={2018},
  publisher={Wiley Online Library}
}

@article{barner2011accessing,
  title={Accessing the unsaid: The role of scalar alternatives in children’s pragmatic inference},
  author={Barner, David and Brooks, Neon and Bale, Alan},
  journal={Cognition},
  volume={118},
  number={1},
  pages={84--93},
  year={2011},
  publisher={Elsevier}
}

@article{sullivan2019discourse,
  title={Discourse coherence as a cue to reference in word learning: Evidence for discourse bootstrapping},
  author={Sullivan, Jessica and Boucher, Juliana and Kiefer, Reina J and Williams, Katherine and Barner, David},
  journal={Cognitive Science},
  volume={43},
  number={1},
  pages={e12702},
  year={2019},
  publisher={Wiley Online Library}
}

@article{saylor2009preschoolers,
  title={Preschoolers use speakers’ preferences to learn words},
  author={Saylor, Megan M and Sabbagh, Mark A and Fortuna, Alexandra and Troseth, Georgene},
  journal={Cognitive Development},
  volume={24},
  number={2},
  pages={125--132},
  year={2009},
  publisher={Elsevier}
}


@article{fazly2010probabilistic,
  title={A probabilistic computational model of cross-situational word learning},
  author={Fazly, Afsaneh and Alishahi, Afra and Stevenson, Suzanne},
  journal={Cognitive Science},
  volume={34},
  number={6},
  pages={1017--1063},
  year={2010},
  publisher={Wiley Online Library}
}

@article{frank2009using,
  title={Using speakers' referential intentions to model early cross-situational word learning},
  author={Frank, Michael C and Goodman, Noah D and Tenenbaum, Joshua B},
  journal={Psychological Science},
  volume={20},
  number={5},
  pages={578--585},
  year={2009},
  publisher={SAGE Publications Sage CA: Los Angeles, CA}
}

@book{dennett1987intentional,
  title={The intentional stance},
  author={Dennett, Daniel Clement},
  year={1987},
  publisher={MIT press}
}

@article{frith2006neural,
  title={The neural basis of mentalizing},
  author={Frith, Chris D and Frith, Uta},
  journal={Neuron},
  volume={50},
  number={4},
  pages={531--534},
  year={2006},
  publisher={Elsevier}
}

@article{premack1978does,
  title={Does the chimpanzee have a theory of mind?},
  author={Premack, David and Woodruff, Guy},
  journal={Behavioral and Brain Sciences},
  volume={1},
  number={4},
  pages={515--526},
  year={1978},
  publisher={Cambridge University Press}
}



@book{lee2014bayesian,
  title={Bayesian cognitive modeling: A practical course},
  author={Lee, Michael D and Wagenmakers, Eric-Jan},
  year={2014},
  publisher={Cambridge University Press}
}

@article{xu2007word,
  title={Word learning as Bayesian inference.},
  author={Xu, Fei and Tenenbaum, Joshua B},
  journal={Psychological review},
  volume={114},
  number={2},
  pages={245},
  year={2007},
  publisher={American Psychological Association}
}

@article{gagliardi2017modeling,
  title={Modeling statistical insensitivity: Sources of suboptimal behavior},
  author={Gagliardi, Annie and Feldman, Naomi H and Lidz, Jeffrey},
  journal={Cognitive Science},
  volume={41},
  number={1},
  pages={188--217},
  year={2017},
  publisher={Wiley Online Library}
}

@inproceedings{savinelli2017modeling,
  title={Modeling scope ambiguity resolution as pragmatic inference: Formalizing differences in child and adult behavior.},
  author={Savinelli, K and Scontras, G and Pearl, L},
  booktitle={Proceedings of the 39th Annual Conference of the Cognitive Science Society},
  year={2017}
}

 @book{grice1991studies,
  title={Studies in the way of words},
  author={Grice, H Paul},
  year={1991},
  publisher={Cambridge, MA: Harvard University Press}
}

@article{frank2014inferring,
  title={Inferring word meanings by assuming that speakers are informative},
  author={Frank, Michael C and Goodman, Noah D},
  journal={Cognitive psychology},
  volume={75},
  pages={80--96},
  year={2014},
  publisher={Elsevier}
}

@article{frank2012predicting,
  title={Predicting pragmatic reasoning in language games},
  author={Frank, Michael C and Goodman, Noah D},
  journal={Science},
  volume={336},
  number={6084},
  pages={998--998},
  year={2012},
  publisher={American Association for the Advancement of Science}
}


@article{goodman2013knowledge,
  title={Knowledge and implicature: Modeling language understanding as social cognition},
  author={Goodman, Noah D and Stuhlm{\"u}ller, Andreas},
  journal={Topics in cognitive science},
  volume={5},
  number={1},
  pages={173--184},
  year={2013},
  publisher={Wiley Online Library}
}

@article{goodman2016pragmatic,
  title={Pragmatic language interpretation as probabilistic inference},
  author={Goodman, Noah D and Frank, Michael C},
  journal={Trends in Cognitive Sciences},
  volume={20},
  number={11},
  pages={818--829},
  year={2016},
  publisher={Elsevier}
}

@article{itakura1996exploratory,
  title={An exploratory study of gaze-monitoring in nonhuman primates 1},
  author={Itakura, Shoji},
  journal={Japanese Psychological Research},
  volume={38},
  number={3},
  pages={174--180},
  year={1996},
  publisher={Wiley Online Library}
}

@book{bruner1983child,
  title={Child's talk: Learning to use language},
  author={Bruner, Jerome},
  year={1983},
  publisher={New York: Norton}
}

@article{keller2020children,
  title={Children's Socioemotional Development Across Cultures},
  author={Keller, Heidi},
  journal={Annual Review of Developmental Psychology},
  volume={2},
  pages={27--46},
  year={2020},
  publisher={Annual Reviews}
}

@article{rogoff2018importance,
  title={The importance of understanding children’s lived experience},
  author={Rogoff, Barbara and Dahl, Audun and Callanan, Maureen},
  journal={Developmental Review},
  volume={50},
  pages={5--15},
  year={2018},
  publisher={Elsevier}
}

@article{wang2016should,
  title={Why should we all be cultural psychologists? Lessons from the study of social cognition},
  author={Wang, Qi},
  journal={Perspectives on Psychological Science},
  volume={11},
  number={5},
  pages={583--596},
  year={2016},
  publisher={Sage Publications Sage CA: Los Angeles, CA}
}

@article{grosse201021,
  title={21-Month-olds understand the cooperative logic of requests},
  author={Grosse, Gerlind and Moll, Henrike and Tomasello, Michael},
  journal={Journal of Pragmatics},
  volume={42},
  number={12},
  pages={3377--3383},
  year={2010},
  publisher={Elsevier}
}

@article{rakoczy2015explicit,
  title={Explicit theory of mind is even more unified than previously assumed: Belief ascription and understanding aspectuality emerge together in development},
  author={Rakoczy, Hannes and Bergfeld, Delia and Schwarz, Ina and Fizke, Ella},
  journal={Child Development},
  volume={86},
  number={2},
  pages={486--502},
  year={2015},
  publisher={Wiley Online Library}
}

@article{wimmer1983beliefs,
  title={Beliefs about beliefs: Representation and constraining function of wrong beliefs in young children's understanding of deception},
  author={Wimmer, Heinz and Perner, Josef},
  journal={Cognition},
  volume={13},
  number={1},
  pages={103--128},
  year={1983},
  publisher={Elsevier}
}

@article{de2007interface,
  title={The interface of language and theory of mind},
  author={De Villiers, Jill},
  journal={Lingua},
  volume={117},
  number={11},
  pages={1858--1878},
  year={2007},
  publisher={Elsevier}
}

@article{perner1994theory,
  title={Theory of mind is contagious: You catch it from your sibs},
  author={Perner, Josef and Ruffman, Ted and Leekam, Susan R},
  journal={Child Development},
  volume={65},
  number={4},
  pages={1228--1238},
  year={1994},
  publisher={Wiley Online Library}
}

@article{stengelin2020cultural,
  title={Cultural variation in young children’s social motivation for peer collaboration and its relation to the ontogeny of Theory of Mind},
  author={Stengelin, Roman and Hepach, Robert and Haun, Daniel BM},
  journal={PloS One},
  volume={15},
  number={11},
  pages={e0242071},
  year={2020},
  publisher={Public Library of Science San Francisco, CA USA}
}

@article{perner1999development,
  title={Development of theory of mind and executive control},
  author={Perner, Josef and Lang, Birgit},
  journal={Trends in Cognitive Sciences},
  volume={3},
  number={9},
  pages={337--344},
  year={1999},
  publisher={Elsevier}
}

@article{ganea2007infants,
  title={Infants' use of shared linguistic information to clarify ambiguous requests},
  author={Ganea, Patricia A and Saylor, Megan M},
  journal={Child Development},
  volume={78},
  number={2},
  pages={493--502},
  year={2007},
  publisher={Wiley Online Library}
}

@book{tomasello2009constructing,
  title={Constructing a language},
  author={Tomasello, Michael},
  year={2009},
  publisher={Cambridge, MA: Harvard University Press}
}

@book{clark1996using,
  title={Using language},
  author={Clark, Herbert H},
  year={1996},
  publisher={Cambridge: Cambridge University Press}
}
@article{grice1957meaning,
  title={Meaning},
  author={Grice, H Paul},
  journal={The philosophical review},
  volume={66},
  number={3},
  pages={377--388},
  year={1957},
  publisher={JSTOR}
}

@article{veissiere2020thinking,
  title={Thinking through other minds: A variational approach to cognition and culture},
  author={Veissi{\`e}re, Samuel PL and Constant, Axel and Ramstead, Maxwell JD and Friston, Karl J and Kirmayer, Laurence J},
  journal={Behavioral and Brain Sciences},
  volume={43},
  year={2020},
  publisher={Cambridge University Press}
}

@book{rogoff2003cultural,
  title={The cultural nature of human development},
  author={Rogoff, Barbara and others},
  year={2003},
  publisher={Oxford University Press}
}

@article{hoehl2019over,
  title={‘Over-imitation’: A review and appraisal of a decade of research},
  author={Hoehl, Stefanie and Keupp, Stefanie and Schleihauf, Hanna and McGuigan, Nicola and Buttelmann, David and Whiten, Andrew},
  journal={Developmental Review},
  volume={51},
  pages={90--108},
  year={2019},
  publisher={Elsevier}
}

@article{laland2021understanding,
  title={Understanding human cognitive uniqueness},
  author={Laland, Kevin and Seed, Amanda},
  journal={Annual Review of Psychology},
  volume={72},
  pages={689--716},
  year={2021},
  publisher={Annual Reviews}
}

@article{legare2019development,
  title={The development of cumulative cultural learning},
  author={Legare, Cristine H},
  journal={Annual Review of Developmental Psychology},
  volume={1},
  pages={119--147},
  year={2019},
  publisher={Annual Reviews}
}

@article{behne2005unwilling,
  title={Unwilling versus unable: infants' understanding of intentional action.},
  author={Behne, Tanya and Carpenter, Malinda and Call, Josep and Tomasello, Michael},
  journal={Developmental Psychology},
  volume={41},
  number={2},
  pages={328},
  year={2005},
  publisher={American Psychological Association}
}

@book{sperber2001relevance,
  title={Relevance: Communication and cognition},
  author={Sperber, Dan and Wilson, Deirdre},
  edition  = 2,
  year={2001},
  publisher={Cambridge, MA: Blackwell Publishers}
}

@article{woodward1998infants,
  title={Infants selectively encode the goal object of an actor's reach},
  author={Woodward, Amanda L},
  journal={Cognition},
  volume={69},
  number={1},
  pages={1--34},
  year={1998},
  publisher={Elsevier}
}

@article{gergely1995taking,
  title={Taking the intentional stance at 12 months of age},
  author={Gergely, Gy{\"o}rgy and N{\'a}dasdy, Zolt{\'a}n and Csibra, Gergely and B{\'\i}r{\'o}, Szilvia},
  journal={Cognition},
  volume={56},
  number={2},
  pages={165--193},
  year={1995},
  publisher={Elsevier}
}

@article{tomasello2003understanding,
  title={Understanding attention: 12-and 18-month-olds know what is new for other persons.},
  author={Tomasello, Michael and Haberl, Katharina},
  journal={Developmental Psychology},
  volume={39},
  number={5},
  pages={906},
  year={2003},
  publisher={American Psychological Association}
}

@article{moll200714,
  title={How 14-and 18-month-olds know what others have experienced.},
  author={Moll, Henrike and Tomasello, Michael},
  journal={Developmental Psychology},
  volume={43},
  number={2},
  pages={309},
  year={2007},
  publisher={American Psychological Association}
}

@article{tomasello2005understanding,
  title={Understanding and sharing intentions: The origins of cultural cognition},
  author={Tomasello, Michael and Carpenter, Malinda and Call, Josep and Behne, Tanya and Moll, Henrike},
  journal={Behavioral and Brain Sciences},
  volume={28},
  number={5},
  pages={675--691},
  year={2005},
  publisher={Cambridge University Press}
}

@article{moore2008development,
  title={The development of gaze following},
  author={Moore, Chris},
  journal={Child Development Perspectives},
  volume={2},
  number={2},
  pages={66--70},
  year={2008},
  publisher={Wiley Online Library}
}

@article{de2009exploratory,
  title={Exploratory factor analysis with small sample sizes},
  author={de Winter, Joost CF and Dodou, Dimitra and Wieringa, Peter A},
  journal={Multivariate Behavioral Research},
  volume={44},
  number={2},
  pages={147--181},
  year={2009},
  publisher={Taylor \& Francis}
}

@article{hirsh2015contribution,
  title={The contribution of early communication quality to low-income children’s language success},
  author={Hirsh-Pasek, Kathy and Adamson, Lauren B and Bakeman, Roger and Owen, Margaret Tresch and Golinkoff, Roberta Michnick and Pace, Amy and Yust, Paula KS and Suma, Katharine},
  journal={Psychological Science},
  volume={26},
  number={7},
  pages={1071--1083},
  year={2015},
  publisher={Sage Publications Sage CA: Los Angeles, CA}
}

@book{planer2021signal,
  title={From signal to symbol: the evolution of language},
  author={Planer, Ronald and Sterelny, Kim},
  year={2021},
  publisher={MIT Press}
}

@article{shmueli2010explain,
  title={To explain or to predict?},
  author={Shmueli, Galit},
  journal={Statistical Science},
  volume={25},
  number={3},
  pages={289--310},
  year={2010},
  publisher={Institute of Mathematical Statistics}
}

@article{yarkoni2017choosing,
  title={Choosing prediction over explanation in psychology: Lessons from machine learning},
  author={Yarkoni, Tal and Westfall, Jacob},
  journal={Perspectives on Psychological Science},
  volume={12},
  number={6},
  pages={1100--1122},
  year={2017},
  publisher={Sage Publications Sage CA: Los Angeles, CA}
}

@book{taylor2016language,
  title={The language animal},
  author={Taylor, Charles},
  year={2016},
  publisher={Harvard University Press}
}

@book{tomasello2008origins,
  title={Origins of human communication},
  author={Tomasello, Michael},
  year={2008},
  publisher={Cambridge, MA: MIT Press}
}
@book{carey2009origins,
  title={The origin of concepts},
  author={Carey, Susan},
  year={2009},
  publisher={Oxford University Press}
}

@article{burkner2017brms,
  title={brms: An R package for Bayesian multilevel models using Stan},
  author={B{\"u}rkner, Paul-Christian},
  journal={Journal of Statistical Software},
  volume={80},
  number={1},
  pages={1--28},
  year={2017}
}

@book{tomasello2014natural,
  title={A natural history of human thinking},
  author={Tomasello, Michael},
  year={2014},
  publisher={Harvard University Press}
}

@book{marr1982vision,
  author = {Marr, David},
  publisher = {San Francisco, CA: W.H. Freeman},
  title = {Vision: A Computational Investigation into the Human Representation and Processing of Visual Information},
  year = 1982
}


@article{diesendruck2004two,
  title={Two-year-olds’ sensitivity to speakers’ intent: an alternative account of Samuelson and Smith},
  author={Diesendruck, Gil and Markson, Lori and Akhtar, Nameera and Reudor, Ayelet},
  journal={Developmental Science},
  volume={7},
  number={1},
  pages={33--41},
  year={2004},
  publisher={Wiley Online Library}
}

@incollection{landy2011ideal,
  title={Ideal-observer models of cue integration},
  author={Landy, Michael S and Banks, Martin S and Knill, David C},
  journal={Sensory cue integration},
  editor  = {C Moore and Philip J Dunham},
  pages={5–29},
  year={2011},
  publisher={Oxford University Press}
}

@article{moore2015two,
  title={Two-year-old children but not domestic dogs understand communicative intentions without language, gestures, or gaze},
  author={Moore, Richard and Mueller, Bettina and Kaminski, Juliane and Tomasello, Michael},
  journal={Developmental Science},
  volume={18},
  number={2},
  pages={232--242},
  year={2015},
  publisher={Wiley Online Library}
}

@article{ernst2002humans,
  title={Humans integrate visual and haptic information in a statistically optimal fashion},
  author={Ernst, Marc O and Banks, Martin S},
  journal={Nature},
  volume={415},
  number={6870},
  pages={429},
  year={2002},
  publisher={Nature Publishing Group}
}

@article{horst2011s,
  title={What’s new? Children prefer novelty in referent selection},
  author={Horst, Jessica S and Samuelson, Larissa K and Kucker, Sarah C and McMurray, Bob},
  journal={Cognition},
  volume={118},
  number={2},
  pages={234--244},
  year={2011},
  publisher={Elsevier}
}


@article{behne2005one,
  title={One-year-olds comprehend the communicative intentions behind gestures in a hiding game},
  author={Behne, Tanya and Carpenter, Malinda and Tomasello, Michael},
  journal={Developmental Science},
  volume={8},
  number={6},
  pages={492--499},
  year={2005},
  publisher={Wiley Online Library}
}

@article{bohn2019natural,
  title={Natural reference: A phylo-and ontogenetic perspective on the comprehension of iconic gestures and vocalizations},
  author={Bohn, Manuel and Call, Josep and Tomasello, Michael},
  journal={Developmental Science},
  volume={22},
  number={2},
  pages={e12757},
  year={2019},
  publisher={Wiley Online Library}
}

@article{bohn2018social,
  title={The social-cognitive basis of infants’ reference to absent entities},
  author={Bohn, Manuel and Zimmermann, Luise and Call, Josep and Tomasello, Michael},
  journal={Cognition},
  volume={177},
  pages={41--48},
  year={2018},
  publisher={Elsevier}
}

@article{bohn2015communication,
  title={Communication about absent entities in great apes and human infants},
  author={Bohn, Manuel and Call, Josep and Tomasello, Michael},
  journal={Cognition},
  volume={145},
  pages={63--72},
  year={2015},
  publisher={Elsevier}
}

@article{saylor2011s,
  title={What’s mine is mine: twelve-month-olds use possessive pronouns to identify referents},
  author={Saylor, Megan M and Ganea, Patricia A and V{\'a}zquez, Maria D},
  journal={Developmental Science},
  volume={14},
  number={4},
  pages={859--864},
  year={2011},
  publisher={Wiley Online Library}
}

@article{stiller2015ad,
  title={Ad-hoc implicature in preschool children},
  author={Stiller, Alex J and Goodman, Noah D and Frank, Michael C},
  journal={Language Learning and Development},
  volume={11},
  number={2},
  pages={176--190},
  year={2015},
  publisher={Taylor \& Francis}
}

@article{markman1990constraints,
  title={Constraints children place on word meanings},
  author={Markman, Ellen M},
  journal={Cognitive Science},
  volume={14},
  number={1},
  pages={57--77},
  year={1990},
  publisher={Wiley Online Library}
}


@article{pomiechowska2021twelve,
  title={Twelve-month-olds disambiguate new words using mutual-exclusivity inferences},
  author={Pomiechowska, Barbara and Br{\'o}dy, G{\'a}bor and Csibra, Gergely and Gliga, Teodora},
  journal={Cognition},
  volume={213},
  pages={104691},
  year={2021},
  publisher={Elsevier}
}

 @article{markman1988children,
  title={Children's use of mutual exclusivity to constrain the meanings of words},
  author={Markman, Ellen M and Wachtel, Gwyn F},
  journal={Cognitive psychology},
  volume={20},
  number={2},
  pages={121--157},
  year={1988},
  publisher={Elsevier}
}

@article{merriman1989mutual,
  title={The mutual exclusivity bias in children's word learning},
  author={Merriman, William E and Bowman, Laura L and MacWhinney, Brian},
  journal={Monographs of the Society for Research in Child Development},
  pages={i--129},
  year={1989},
  publisher={JSTOR}
}

@article{bion2013fast,
  title={Fast mapping, slow learning: Disambiguation of novel word--object mappings in relation to vocabulary learning at 18, 24, and 30 months},
  author={Bion, Ricardo AH and Borovsky, Arielle and Fernald, Anne},
  journal={Cognition},
  volume={126},
  number={1},
  pages={39--53},
  year={2013},
  publisher={Elsevier}
}

@article{clark1988logic,
  title={On the logic of contrast},
  author={Clark, Eve V},
  journal={Journal of Child Language},
  volume={15},
  number={2},
  pages={317--335},
  year={1988},
  publisher={Cambridge University Press}
}

@article{halberda2003development,
  title={The development of a word-learning strategy},
  author={Halberda, Justin},
  journal={Cognition},
  volume={87},
  number={1},
  pages={B23--B34},
  year={2003},
  publisher={Elsevier}
}

@article{gleitman1990structural,
  title={The structural sources of verb meanings},
  author={Gleitman, Lila},
  journal={Language acquisition},
  volume={1},
  number={1},
  pages={3--55},
  year={1990},
  publisher={Taylor \& Francis}
}


@incollection{clark1973s,
  title={What's in a word? On the child's acquisition of semantics in his first language},
  author={Clark, Eve V},
  booktitle={Cognitive development and acquisition of language},
  pages={65--110},
  year={1973},
  editor =	 {T. Moore},
  publisher={Academic Press},
  address =	 {New York}
}

@article{abend2017bootstrapping,
  title={Bootstrapping language acquisition},
  author={Abend, Omri and Kwiatkowski, Tom and Smith, Nathaniel J and Goldwater, Sharon and Steedman, Mark},
  journal={Cognition},
  volume={164},
  pages={116--143},
  year={2017},
  publisher={Elsevier}
}

@inproceedings{redmon2016you,
  title={You only look once: Unified, real-time object detection},
  author={Redmon, Joseph and Divvala, Santosh and Girshick, Ross and Farhadi, Ali},
  booktitle={Proceedings of the IEEE conference on computer vision and pattern recognition},
  pages={779--788},
  year={2016}
}

@inproceedings{lin2014microsoft,
  title={Microsoft coco: Common objects in context},
  author={Lin, Tsung-Yi and Maire, Michael and Belongie, Serge and Hays, James and Perona, Pietro and Ramanan, Deva and Doll{\'a}r, Piotr and Zitnick, C Lawrence},
  booktitle={European conference on computer vision},
  pages={740--755},
  year={2014},
  organization={Springer}
}

@article{raza2018appearance,
  title={Appearance based pedestrians’ head pose and body orientation estimation using deep learning},
  author={Raza, Mudassar and Chen, Zonghai and Rehman, Saeed-Ur and Wang, Peng and Bao, Peng},
  journal={Neurocomputing},
  volume={272},
  pages={647--659},
  year={2018},
  publisher={Elsevier}
}

@article{ansari2020human,
  title={Human detection techniques for real time surveillance: a comprehensive survey},
  author={Ansari, Mohd Aquib and Singh, Dushyant Kumar},
  journal={Multimedia Tools and Applications},
  pages={1--50},
  year={2020},
  publisher={Springer}
}

@misc{dippl,
  title = {{The design and implementation of probabilistic programming languages}},
  author = {Goodman, Noah D and Stuhlm\"{u}ller, Andreas},
  year = {2014},
  howpublished = {\url{http://dippl.org}},
  note = {Accessed: 2019-3-29}
}

@Manual{R-rwebppl,
  title = {rwebppl: R Interface to WebPPL},
  year = {2019},
  author = {Mika Braginsky and Michael Henry Tessler and Robert Hawkins},
  note = {R package version 0.1.996},
  url = {https://github.com/mhtess/rwebppl},
}

@Article{R-lme4,
  title = {Fitting Linear Mixed-Effects Models Using {lme4}},
  author = {Douglas Bates and Martin M{\"a}chler and Ben Bolker and Steve Walker},
  journal = {Journal of Statistical Software},
  year = {2015},
  volume = {67},
  number = {1},
  pages = {1--48},
  doi = {10.18637/jss.v067.i01},
}


@Manual{R-base,
  title = {R: A Language and Environment for Statistical Computing},
  author = {{R Core Team}},
  organization = {R Foundation for Statistical Computing},
  address = {Vienna, Austria},
  year = {2018},
  }

@InProceedings{ChalnickBillman1988a,
  author =	 {A. Chalnick and D. Billman},
  title =	 {Unsupervised learning of correlational structure},
  booktitle =	 {Proceedings of the Tenth Annual Conference of the
                  Cognitive Science Society},
  pages =	 {510--516},
  year =	 1988,
  address =	 {Hillsdale, NJ},
  publisher =	 {Lawrence Erlbaum Associates}
}

@InCollection{Feigenbaum1963a,
  author =	 {E. A. Feigenbaum},
  title =	 {The simulation of verbal learning behavior},
  booktitle =	 {Computers and thought},
  publisher =	 {McGraw-Hill},
  year =	 1963,
  editor =	 {E. A. Feigenbaum and J. Feldman},
  address =	 {New York}
}

@Article{Hill1983a,
  author =	 {J. A. C. Hill},
  title =	 {A computational model of language acquisition in the
                  two-year old},
  journal =	 {Cognition and Brain Theory},
  year =	 1983,
  volume =	 6,
  pages =	 {287--317}
}

@TechReport{OhlssonLangley1985a,
  author =	 {S. Ohlsson and P. Langley},
  title =	 {Identifying solution paths in cognitive diagnosis},
  institution =	 {Carnegie Mellon University, The Robotics Institute},
  year =	 1985,
  address =	 {Pittsburgh, PA},
  number =	 {CMU-RI-TR-85-2}
}

@PhdThesis{Lewis1978a,
  author =	 {C. Lewis},
  title =	 {Production system models of practice effects},
  school =	 {Department of Psychology, University of Michigan,
                  Ann Arbor},
  year =	 1978,
  type =	 {Doctoral dissertation}
}

@Book{NewellSimon1972a,
  author =	 {A. Newell and H. A. Simon},
  title =	 {Human problem solving},
  publisher =	 {Prentice-Hall},
  year =	 1972,
  address =	 {Englewood Cliffs, NJ}
}

@Book{ShragerLangley1990a,
  editor =	 {J. Shrager and P. Langley},
  title =	 {Computational models of scientific discovery and
                  theory formation},
  publisher =	 {Morgan Kaufmann},
  year =	 1990,
  address =	 {San Mateo, CA}
}

@Manual{R-base,
  title = {R: A Language and Environment for Statistical Computing},
  author = {{R Core Team}},
  organization = {R Foundation for Statistical Computing},
  address = {Vienna, Austria},
  year = {2018},
  url = {https://www.R-project.org/},
}
@Manual{R-broom,
  title = {broom: Convert Statistical Analysis Objects into Tidy Tibbles},
  author = {David Robinson and Alex Hayes},
  year = {2018},
  note = {R package version 0.5.0},
  url = {https://CRAN.R-project.org/package=broom},
}
@Article{R-coda,
  title = {CODA: Convergence Diagnosis and Output Analysis for MCMC},
  author = {Martyn Plummer and Nicky Best and Kate Cowles and Karen Vines},
  journal = {R News},
  year = {2006},
  volume = {6},
  number = {1},
  pages = {7--11},
  url = {https://journal.r-project.org/archive/},
  pdf = {https://www.r-project.org/doc/Rnews/Rnews_2006-1.pdf},
}
@Manual{R-dplyr,
  title = {dplyr: A Grammar of Data Manipulation},
  author = {Hadley Wickham and Romain François and Lionel Henry and Kirill Müller},
  year = {2019},
  note = {R package version 0.8.0.1},
  url = {https://CRAN.R-project.org/package=dplyr},
}
@Manual{R-forcats,
  title = {forcats: Tools for Working with Categorical Variables (Factors)},
  author = {Hadley Wickham},
  year = {2019},
  note = {R package version 0.4.0},
  url = {https://CRAN.R-project.org/package=forcats},
}
@Book{R-ggplot2,
  author = {Hadley Wickham},
  title = {ggplot2: Elegant Graphics for Data Analysis},
  publisher = {Springer-Verlag New York},
  year = {2016},
  isbn = {978-3-319-24277-4},
  url = {http://ggplot2.org},
}
@Manual{R-ggthemes,
  title = {ggthemes: Extra Themes, Scales and Geoms for 'ggplot2'},
  author = {Jeffrey B. Arnold},
  year = {2019},
  note = {R package version 4.1.0},
  url = {https://CRAN.R-project.org/package=ggthemes},
}
@Book{R-knitr,
  title = {Dynamic Documents with {R} and knitr},
  author = {Yihui Xie},
  publisher = {Chapman and Hall/CRC},
  address = {Boca Raton, Florida},
  year = {2015},
  edition = {2nd},
  note = {ISBN 978-1498716963},
  url = {https://yihui.name/knitr/},
}
@Manual{R-langcog,
  title = {langcog: Language and Cognition Lab Things},
  author = {Mika Braginsky and Dan Yurovsky and Michael Frank},
  note = {R package version 0.1.9001},
  url = {http://github.com/langcog/langcog},
}
@Article{R-lme4,
  title = {Fitting Linear Mixed-Effects Models Using {lme4}},
  author = {Douglas Bates and Martin M{\"a}chler and Ben Bolker and Steve Walker},
  journal = {Journal of Statistical Software},
  year = {2015},
  volume = {67},
  number = {1},
  pages = {1--48},
  doi = {10.18637/jss.v067.i01},
}
@Manual{R-Matrix,
  title = {Matrix: Sparse and Dense Matrix Classes and Methods},
  author = {Douglas Bates and Martin Maechler},
  year = {2018},
  note = {R package version 1.2-14},
  url = {https://CRAN.R-project.org/package=Matrix},
}
@Manual{R-matrixStats,
  title = {matrixStats: Functions that Apply to Rows and Columns of Matrices (and to
Vectors)},
  author = {Henrik Bengtsson},
  year = {2018},
  note = {R package version 0.54.0},
  url = {https://CRAN.R-project.org/package=matrixStats},
}
@Manual{R-papaja,
  author = {Frederik Aust and Marius Barth},
  title = {{papaja}: {Create} {APA} manuscripts with {R Markdown}},
  year = {2018},
  note = {R package version 0.1.0.9709},
  url = {https://github.com/crsh/papaja},
}
@Manual{R-purrr,
  title = {purrr: Functional Programming Tools},
  author = {Lionel Henry and Hadley Wickham},
  year = {2019},
  note = {R package version 0.3.1},
  url = {https://CRAN.R-project.org/package=purrr},
}
@Manual{R-readr,
  title = {readr: Read Rectangular Text Data},
  author = {Hadley Wickham and Jim Hester and Romain Francois},
  year = {2018},
  note = {R package version 1.3.1},
  url = {https://CRAN.R-project.org/package=readr},
}
@Manual{R-readxl,
  title = {readxl: Read Excel Files},
  author = {Hadley Wickham and Jennifer Bryan},
  year = {2018},
  note = {R package version 1.1.0},
  url = {https://CRAN.R-project.org/package=readxl},
}
@Manual{R-rwebppl,
  title = {rwebppl: R Interface to WebPPL},
  author = {Mika Braginsky and Michael Henry Tessler and Robert Hawkins},
  note = {R package version 0.1.996},
  url = {https://github.com/mhtess/rwebppl},
}
@Manual{R-stringr,
  title = {stringr: Simple, Consistent Wrappers for Common String Operations},
  author = {Hadley Wickham},
  year = {2019},
  note = {R package version 1.4.0},
  url = {https://CRAN.R-project.org/package=stringr},
}
@Manual{R-tibble,
  title = {tibble: Simple Data Frames},
  author = {Kirill Müller and Hadley Wickham},
  year = {2019},
  note = {R package version 2.1.1},
  url = {https://CRAN.R-project.org/package=tibble},
}
@Manual{R-tidyr,
  title = {tidyr: Easily Tidy Data with 'spread()' and 'gather()' Functions},
  author = {Hadley Wickham and Lionel Henry},
  year = {2019},
  note = {R package version 0.8.3},
  url = {https://CRAN.R-project.org/package=tidyr},
}
@Manual{R-tidyverse,
  title = {tidyverse: Easily Install and Load the 'Tidyverse'},
  author = {Hadley Wickham},
  year = {2017},
  note = {R package version 1.2.1},
  url = {https://CRAN.R-project.org/package=tidyverse},
}
@Manual{R-exactRankTests,
  title = {exactRankTests: Exact Distributions for Rank and Permutation Tests},
  author = {Torsten Hothorn and Kurt Hornik},
  year = {2019},
  note = {R package version 0.8-30},
  url = {https://CRAN.R-project.org/package=exactRankTests},
}
@Manual{R-ggpubr,
  title = {ggpubr: 'ggplot2' Based Publication Ready Plots},
  author = {Alboukadel Kassambara},
  year = {2019},
  note = {R package version 0.2.3},
  url = {https://CRAN.R-project.org/package=ggpubr},
}
@Manual{R-magrittr,
  title = {magrittr: A Forward-Pipe Operator for R},
  author = {Stefan Milton Bache and Hadley Wickham},
  year = {2014},
  note = {R package version 1.5},
  url = {https://CRAN.R-project.org/package=magrittr},
}
@Manual{R-lsr,
  title = {Learning statistics with R: A tutorial for psychology students and other beginners. (Version 0.5)},
  author = {Daniel Navarro},
  organization = {University of Adelaide},
  address = {Adelaide, Australia},
  year = {2015},
  note = {R package version 0.5},
  url = {http://ua.edu.au/ccs/teaching/lsr},
}
